
@online{venzmer_anforderungsmanagement-tool_2020,
	title = {Anforderungsmanagement-Tool oder Requirementsengineering-Tool im Projekt?},
	url = {https://pm-tools.info/faq/anforderungsmanagement-tool-und-requirementsengineering-tool-im-projekt/},
	abstract = {Requirements sind eigentlich fix aber im Projekt doch variabel. Wie hilft Ihnen ein Anforderungsmanagement-Tool? Der Ãœberblick zum Thema - Lesen Sie mehr.},
	titleaddon = {pm-tools},
	author = {Venzmer, Dr Eike},
	urldate = {2023-12-17},
	date = {2020-08-06},
	langid = {german},
	file = {Snapshot:C\:\\Users\\nicka\\Zotero\\storage\\LD4GPS8C\\anforderungsmanagement-tool-und-requirementsengineering-tool-im-projekt.html:text/html},
}
