
@online{lenz_asana_2021,
	title = {Asana: Projektmanagement-Software im Test},
	url = {https://www.experte.de/projektmanagement/asana},
	shorttitle = {Asana},
	author = {Lenz, Manuela},
	urldate = {2024-01-04},
	date = {2021-01-28},
	langid = {german},
	file = {Snapshot:C\:\\Users\\nicka\\Zotero\\storage\\LHHTFXAP\\asana.html:text/html},
}
