
@online{noauthor_asana_nodate,
	title = {Asana Review 2021: Ein Cloud-basiertes Projektmanagement-Tool - Affde Marketing},
	url = {https://www.affde.com/de/asana-review.html},
	urldate = {2023-12-21},
	file = {Asana Review 2021\: Ein Cloud-basiertes Projektmanagement-Tool - Affde Marketing:C\:\\Users\\nicka\\Zotero\\storage\\D46DQXX6\\asana-review.html:text/html},
}
