
@misc{noauthor_assassins_nodate,
  title      = {Assassin's {Creed}: {Brotherhood} {Screenshots} for {Xbox} 360 - {MobyGames} {\textbar} {Assassins} creed, {Brotherhood}, {Digital} painting tutorials},
  shorttitle = {Assassin's {Creed}},
  url        = {https://www.pinterest.com/pin/106397609939143973/},
  abstract   = {Aug 16, 2015 - This Pin was discovered by Lozanias. Discover (and save!) your own Pins on Pinterest},
  language   = {de},
  urldate    = {2023-12-29},
  journal    = {Pinterest},
  file       = {Snapshot:C\:\\Users\\nicka\\Zotero\\storage\\P62R4MLF\\426856870933547092.html:text/html}
}
