
@incollection{fischer_gamifizierung_2017,
	location = {Wiesbaden},
	title = {Die Gamifizierung der Hochschullehre – Potenziale und Herausforderungen},
	isbn = {978-3-658-16742-4},
	url = {https://doi.org/10.1007/978-3-658-16742-4_9},
	series = {Edition {HMD}},
	abstract = {Punkte, Abzeichen, Bestenlisten – und schon fällt der Begriff der Gamifizierung. Die fortschreitende Digitalisierung vereinfacht den Einsatz sogenannter Spielelemente in der akademischen Bildung erheblich. Dabei bietet der Trend der Humifizierung neben Punkten, Abzeichen und Ranglisten viele niedrigschwellige und technisch wenig aufwendige Möglichkeiten der Lernmotivationssteigerung. Gamifizierung – verstanden als Designstrategie – kann helfen, motivations- und partizipationsförderliche Lernumgebungen an Hochschulen zu kreieren, in denen Studierende berufliche Kompetenzen individuell oder gemeinsam aufbauen können. Dafür muss die Gamifizierung pädagogischen Prinzipien folgen. Der vorliegende Beitrag thematisiert dies und setzt sich mit der Idee der Gamifizierung, den wesentlichen Merkmalen von Spielen und deren Potenzialen für das Lernen und Lehren in der Hochschule auseinander. Zur Verdeutlichung dessen werden hochschulische Entwicklungstendenzen wie die Anregung der Studienmotivation, vertiefendes Lernen und Senkung der Abbrecherzahlen fokussiert. Abschließend werden praktische Umsetzungsbeispiele und deren Effekte für das Lernen in der Hochschule aufgezeigt.},
	pages = {113--125},
	booktitle = {Gamification und Serious Games : Grundlagen, Vorgehen und Anwendungen},
	publisher = {Springer Fachmedien},
	author = {Fischer, Helge and Heinz, Matthias and Schlenker, Lars and Münster, Sander and Follert, Fabiane and Köhler, Thomas},
	editor = {Strahringer, Susanne and Leyh, Christian},
	urldate = {2023-11-09},
	date = {2017},
	langid = {german},
	doi = {10.1007/978-3-658-16742-4_9},
	keywords = {Digitalisierung, Gamifizierung, Hochschulentwicklung, Hochschullehre, Lernmotivation},
	file = {Full Text PDF:C\:\\Users\\nicka\\Zotero\\storage\\Y3MDXUP4\\Fischer et al. - 2017 - Die Gamifizierung der Hochschullehre – Potenziale .pdf:application/pdf},
}
