
@report{noauthor_din_nodate,
	title = {{DIN} 69901-5:2009-01, Projektmanagement\_- Projektmanagementsysteme\_- Teil\_5: Begriffe},
	url = {https://www.beuth.de/de/-/-/113428752},
	shorttitle = {{DIN} 69901-5},
	institution = {Beuth Verlag {GmbH}},
	urldate = {2023-11-22},
	doi = {10.31030/1498911},
}
