
@online{schmuck_dokumentenmanagement_2019,
	title = {Dokumentenmanagement: Definition, Vorteile und Funktion},
	url = {https://teamdrive.com/blog-de/dokumentenmanagement-in-der-cloud/},
	shorttitle = {Dokumentenmanagement},
	abstract = {Dokumentenmanagement in der Cloud nutzen inzwischen Unternehmen und private Anwender. Wir geben einen Ãœberblick zum Thema.},
	titleaddon = {{TeamDrive} - Secure Collaboration},
	author = {Schmuck, Detlef},
	urldate = {2023-12-19},
	date = {2019-04-09},
	langid = {german},
	file = {Snapshot:C\:\\Users\\nicka\\Zotero\\storage\\UCXH7V2E\\dokumentenmanagement-in-der-cloud.html:text/html},
}
