
@incollection{schmidt_vorgehensmodell_2017,
	location = {Wiesbaden},
	title = {Ein Vorgehensmodell für angewandte Spielformen},
	isbn = {978-3-658-16742-4},
	url = {https://doi.org/10.1007/978-3-658-16742-4_2},
	series = {Edition {HMD}},
	abstract = {Gamification zählt zu den vielversprechenden Ansätzen angewandter Spielformen. Als Ziel wird die erfolgreiche Übertragung positiver Eigenschaften digitaler Spiele, wie Motivation und Engagement, auf einen anderen Nutzungskontext verstanden. Potenziell erreicht wird dieses Ziel durch eine Konzentration auf das Nutzererleben und die Integration von Spielelementen in den Gegenstand der Betrachtung, beispielsweise eine Softwareanwendung.},
	pages = {15--29},
	booktitle = {Gamification und Serious Games : Grundlagen, Vorgehen und Anwendungen},
	publisher = {Springer Fachmedien},
	author = {Schmidt, Ralf and Brosius, Christoph and Herrmanny, Katja},
	editor = {Strahringer, Susanne and Leyh, Christian},
	urldate = {2023-11-09},
	date = {2017},
	langid = {german},
	doi = {10.1007/978-3-658-16742-4_2},
	keywords = {Gamification, Applied Games, Design, Motivation, Nutzerzentrierung, Vorgehensmodell},
	file = {Full Text PDF:C\:\\Users\\nicka\\Zotero\\storage\\2LC5CXGB\\Schmidt et al. - 2017 - Ein Vorgehensmodell für angewandte Spielformen.pdf:application/pdf},
}
