
@incollection{faust_first_2021,
	location = {Wiesbaden},
	title = {First Experimental Study—Levels of Gamification},
	isbn = {978-3-658-35195-3},
	url = {https://doi.org/10.1007/978-3-658-35195-3_4},
	abstract = {In practice, gamification has become a popular method to foster desired psychological and behavioral outcomes such as motivation, engagement, and performance. There has been increasing interest among companies and institutions in the use of non-monetary incentive schemes across different branches. The worldwide gamification market was valued at {USD} 6.33 billion in 2019 and is expected to be worth {USD} 37.00 billion in 2027.},
	pages = {67--99},
	booktitle = {The Effects of Gamification on Motivation and Performance},
	publisher = {Springer Fachmedien},
	author = {Faust, Anna},
	editor = {Faust, Anna},
	urldate = {2023-11-09},
	date = {2021},
	langid = {english},
	doi = {10.1007/978-3-658-35195-3_4},
	file = {Full Text PDF:C\:\\Users\\nicka\\Zotero\\storage\\F9A5C55V\\Faust - 2021 - First Experimental Study—Levels of Gamification.pdf:application/pdf},
}
