
@online{noauthor_funktionen_nodate,
	title = {Funktionen {\textbar} Habitica},
	url = {https://habitica.com/static/features},
	abstract = {Habitica is a free habit and productivity app that treats your real life like a game. Habitica can help you achieve your goals to become healthy and happy.},
	urldate = {2023-11-16},
	file = {Snapshot:C\:\\Users\\nicka\\Zotero\\storage\\QCLPB9CY\\features.html:text/html},
}
