
@incollection{eckardt_fuhren_2017,
	location = {Wiesbaden},
	title = {Führen Serious Games zu Lernerfolg? – Ein Vergleich zum Frontalunterricht},
	isbn = {978-3-658-16742-4},
	url = {https://doi.org/10.1007/978-3-658-16742-4_11},
	series = {Edition {HMD}},
	shorttitle = {Führen Serious Games zu Lernerfolg?},
	abstract = {Zum Alltag Jugendlicher und junger Erwachsener gehört heute das Spielen von elektronischen Video- oder Computerspielen auf Computern, Smartphones, Konsolen und ähnlichen Geräten. Während des Spielens erleben die Spielenden ein Flow-Erlebnis, welches die Konzentration steigert und Glücksmomente auslöst und so die Spielenden zum Weiterspielen animiert. Dieses Phänomen kann insbesondere im Schul- und Universitätsalltag zur Wissensvermittlung genutzt werden. Dies kann beispielsweise durch die Nutzung von Serious Games geschehen. Dabei handelt es sich überwiegend um Spiele mit einem Lernhintergrund, bei denen spieltypische Elemente eingesetzt werden. Dies soll ebenfalls zu einem Flow führen und damit einen größeren Lernerfolg erzielen. Unter diesen Gesichtspunkten wurde das Serious Game „Lost in Antarctica“ entwickelt, welches Fähigkeiten im Umgang mit Informationen vermittelt. In der vorliegenden Studie wird überprüft, ob sich die Teilnahme an einem Serious Game positiv auf den Lernerfolg im Vergleich zu klassischem Frontalunterricht auswirkt. Die Studie fand im Juni 2016 an der {TU} Braunschweig statt und es wurden Inhalte über die Internetrecherche in zwei Gruppen vermittelt, in der einen Gruppe durch Frontalunterricht und in der anderen Gruppe mittels „Lost in Antarctica“. Über Fragebögen wurden sowohl der direkte Wissensgewinn als auch die Motivation, der Spaß und die Zufriedenheit ermittelt. Die Datenerhebung wurde jeweils vor und nach der Veranstaltung durchgeführt, um Vergleichswerte zu haben. Die Ergebnisse zeigen, dass die Teilnahme an einem Serious Game den Lernerfolg positiv beeinflusst. Zudem war die Motivation, der Spaßfaktor und die Zufriedenheit bei der game-based Learning Methode höher als bei der Frontalunterrichtsmethode.},
	pages = {139--150},
	booktitle = {Gamification und Serious Games : Grundlagen, Vorgehen und Anwendungen},
	publisher = {Springer Fachmedien},
	author = {Eckardt, Linda and Körber, Steffen and Becht, Eva Johanna and Plath, Alexandra and Al Falah, Sharaf and Robra-Bissantz, Susanne},
	editor = {Strahringer, Susanne and Leyh, Christian},
	urldate = {2023-11-09},
	date = {2017},
	langid = {german},
	doi = {10.1007/978-3-658-16742-4_11},
	keywords = {Serious Games, Frontalunterricht, Game-based Learning, Lernerfolg, Universitätslehre},
	file = {Full Text PDF:C\:\\Users\\nicka\\Zotero\\storage\\5UUD7BQH\\Eckardt et al. - 2017 - Führen Serious Games zu Lernerfolg – Ein Vergleic.pdf:application/pdf},
}
