
@incollection{eckardt_gameducation_2017,
	location = {Wiesbaden},
	title = {{GamEducation} – Spielelemente in der Universitätslehre},
	isbn = {978-3-658-16742-4},
	url = {https://doi.org/10.1007/978-3-658-16742-4_10},
	series = {Edition {HMD}},
	abstract = {Spielerisches Erlernen von Fähigkeiten ist während des Heranwachsens eines Menschen, insbesondere im Kleinkindalter, ein wichtiger Bestandteil. Allerdings verändert sich das Verständnis des Lernens im Jugendalter von einem Lernen auf spielerische Art und Weise zu einer Auffassung des Lernens als ernsthafte Angelegenheit. Die Anwendung von Gamification kann dem entgegenwirken. In dem vorliegenden Beitrag berichten wir von dem Projekt „{GamEducation}“, welches innerhalb der Lehrveranstaltung „Kooperationen im E-Business“ erstmals im Wintersemester 2012/2013 durchgeführt wurde und den Einsatz von Spielelementen zur Unterstützung des Lernens beschreibt. Die Vermittlung von Vorlesungsinhalten wird durch eine Praxisaufgabe (Hintergrundgeschichte) begleitet, um den stetigen Transfer und die Anwendung des Vorlesungswissens zu ermöglichen. Die Studierenden sammeln in mehreren Challenges sowohl als Gruppe als auch einzeln Punkte. Darüber hinaus diskutieren die Studierenden Inhalte auf einem lehrveranstaltungsbegleitenden Blog und sehen die aktuelle Rangliste als Feedback auf die eigene Leistung. Seit der ersten Durchführung von {GamEducation} wurde regelmäßig evaluiert. Die Ergebnisse zeigen, dass das Lehrkonzept die Mehrheit der Studierenden dazu motiviert sich in deutlich höherem Maße zu beteiligen und die Anwendung des Vorlesungswissens dabei hilft, die Inhalte besser zu verstehen.},
	pages = {127--138},
	booktitle = {Gamification und Serious Games : Grundlagen, Vorgehen und Anwendungen},
	publisher = {Springer Fachmedien},
	author = {Eckardt, Linda and Siemon, Dominik and Robra-Bissantz, Susanne},
	editor = {Strahringer, Susanne and Leyh, Christian},
	urldate = {2023-11-09},
	date = {2017},
	langid = {german},
	doi = {10.1007/978-3-658-16742-4_10},
	keywords = {Gamification, Universitätslehre, Education, {GamEducation}, Spielelemente},
	file = {Full Text PDF:C\:\\Users\\nicka\\Zotero\\storage\\7ETJBY63\\Eckardt et al. - 2017 - GamEducation – Spielelemente in der Universitätsle.pdf:application/pdf},
}
