
@incollection{jacob_game-based_2017,
	location = {Wiesbaden},
	title = {Game-Based Learning, Serious Games, Business Games und Gamification –Lernförderliche Anwendungsszenarien, gewonnene Erkenntnisse und Handlungsempfehlungen},
	isbn = {978-3-658-16742-4},
	url = {https://doi.org/10.1007/978-3-658-16742-4_8},
	series = {Edition {HMD}},
	abstract = {Im Beitrag werden die Begriffe Game-Based Learning, Serious Games, Business Games und Gamification analysiert, voneinander abgegrenzt und Rückschlüsse gezogen, in welchem Kontext der jeweilige Ansatz ein adäquates Mittel zur Vermittlung von Wissen oder zum Fördern gewünschter Verhaltensweisen darstellt. Game-Based Learning stellt ein grundlegendes Prinzip dar. Lerninhalte werden hierbei auf Basis eines Spiels oder einer Simulation vermittelt. Umgesetzt wird dieses Prinzip in Serious Games bzw. in Business Games, die eine abgrenzbare Teilmenge der Serious Games darstellen. Gamification ist ein dem Game-Based Learning ähnliches, aber doch abgrenzbares Grundprinzip. Bei Gamification soll Lernen nicht auf Basis eines Spiels, sondern durch Elemente eines Spiels erfolgen. Dieser Unterschied scheint auf den ersten Blick marginal, hat aber weitreichende Konsequenzen.},
	pages = {97--112},
	booktitle = {Gamification und Serious Games : Grundlagen, Vorgehen und Anwendungen},
	publisher = {Springer Fachmedien},
	author = {Jacob, Axel and Teuteberg, Frank},
	editor = {Strahringer, Susanne and Leyh, Christian},
	urldate = {2023-11-09},
	date = {2017},
	langid = {german},
	doi = {10.1007/978-3-658-16742-4_8},
	keywords = {Business Games, Game-Based Learning, Gamification, Serious Games, Use Case},
	file = {Full Text PDF:C\:\\Users\\nicka\\Zotero\\storage\\58QC4BS9\\Jacob und Teuteberg - 2017 - Game-Based Learning, Serious Games, Business Games.pdf:application/pdf},
}
