
@collection{strahringer_gamification_2017,
	location = {Wiesbaden},
	title = {Gamification und Serious Games: Grundlagen, Vorgehen und Anwendungen},
	isbn = {978-3-658-16741-7 978-3-658-16742-4},
	url = {http://link.springer.com/10.1007/978-3-658-16742-4},
	series = {Edition {HMD}},
	shorttitle = {Gamification und Serious Games},
	publisher = {Springer Fachmedien},
	editor = {Strahringer, Susanne and Leyh, Christian},
	urldate = {2023-11-09},
	date = {2017},
	langid = {german},
	doi = {10.1007/978-3-658-16742-4},
	keywords = {Gamification, Lernerfolg, {eLearning}, Spielelemente, Applied Games, angewandte Spielformen, Business Game, Business Simulation, Serious Game, Spielmechanik},
	file = {Full Text PDF:C\:\\Users\\nicka\\Zotero\\storage\\EVU6UJK5\\Strahringer und Leyh - 2017 - Gamification und Serious Games Grundlagen, Vorgeh.pdf:application/pdf},
}
