
@incollection{morschheuser_gamifizierung_2017,
	location = {Wiesbaden},
	title = {Gamifizierung mit {BPMN}},
	isbn = {978-3-658-16742-4},
	url = {https://doi.org/10.1007/978-3-658-16742-4_3},
	series = {Edition {HMD}},
	abstract = {Der Einsatz von Gamification zur Förderung der Motivation bei der Nutzung von Informationstechnologie gewinnt in den letzten Jahren stark an Bedeutung in Wissenschaft und Praxis. Die Planung und Integration von Gamification-Elementen in bestehende Geschäftsprozesse stellt hierbei eine große Herausforderung dar. Bisher existieren nur sehr wenige konkrete Notationen und Sprachen zur Dokumentation und Kommunikation von Gamification-Ansätzen. Dieser Beitrag stellt eine {BPMN}-Notationserweiterung und Prozessmuster für Gamification vor, die auf einer Analyse mehrerer Gamification-Beispiele beruhen. Die Anwendung des Ansatzes in der Praxis sowie die Evaluation durch eine Expertenbefragung zeigen auf, dass das Ergebnis ein Hilfsmittel zur Planung, Kommunikation und Dokumentation von Gamification-Vorhaben darstellt.},
	pages = {31--42},
	booktitle = {Gamification und Serious Games : Grundlagen, Vorgehen und Anwendungen},
	publisher = {Springer Fachmedien},
	author = {Morschheuser, Benedikt and Hrach, Christian and Alt, Rainer and Lefanczyk, Christoph},
	editor = {Strahringer, Susanne and Leyh, Christian},
	urldate = {2023-11-09},
	date = {2017},
	langid = {german},
	doi = {10.1007/978-3-658-16742-4_3},
	keywords = {Gamification, {BPMN}, Modellierung, Prozesse, Sprache},
	file = {Full Text PDF:C\:\\Users\\nicka\\Zotero\\storage\\ZS4S5AZM\\Morschheuser et al. - 2017 - Gamifizierung mit BPMN.pdf:application/pdf},
}
