
@collection{stieglitz_gamification_2017,
	location = {Cham},
	title = {Gamification Stieglitz Progress in {IS}},
	isbn = {978-3-319-45555-6 978-3-319-45557-0},
	url = {http://link.springer.com/10.1007/978-3-319-45557-0},
	series = {Progress in {IS}},
	publisher = {Springer International Publishing},
	editor = {Stieglitz, Stefan and Lattemann, Christoph and Robra-Bissantz, Susanne and Zarnekow, RÃ¼diger and Brockmann, Tobias},
	urldate = {2023-11-09},
	date = {2017},
	doi = {10.1007/978-3-319-45557-0},
	keywords = {Customer retention, E-learning, Electronic learning, Gamification, Innovation management, M-learning, Mobile applications, Mobile learning, Serious gaming, Virtual worlds},
	file = {Full Text PDF:C\:\\Users\\nicka\\Zotero\\storage\\LGFCBTLK\\Stieglitz et al. - 2017 - Gamification.pdf:application/pdf},
}
