
@online{sascheko_habit_2020,
	title = {Habit trackers battle: habitica.com vs list of paper},
	url = {https://medium.com/@nick.second/habitica-1cc6fd762505},
	shorttitle = {Habit trackers battle},
	abstract = {For success you need to monitor your progress regularly, and it is useful to have a convenient habits tracker at hand.},
	titleaddon = {Medium},
	author = {Sascheko, Nick},
	urldate = {2023-11-09},
	date = {2020-05-05},
	langid = {english},
	file = {Snapshot:C\:\\Users\\nicka\\Zotero\\storage\\VNPBDU54\\habitica-1cc6fd762505.html:text/html},
}
