
@online{asana_kanban_nodate,
	title = {Kanban vs. Scrum: Projektmanagement-Methoden im Vergleich! [2022] • Asana},
	url = {https://asana.com/de/resources/waterfall-agile-kanban-scrum},
	shorttitle = {Kanban vs. Scrum},
	abstract = {Für jedes Team eignet sich eine andere Projektmanagement-Methode. Welche Methode wann sinnvoll ist, erfahren Sie hier!},
	titleaddon = {Asana},
	author = {Asana},
	urldate = {2023-11-22},
	langid = {german},
	file = {Snapshot:C\:\\Users\\nicka\\Zotero\\storage\\NTUNGUW3\\waterfall-agile-kanban-scrum.html:text/html},
}
