
@online{asana_kanban_13_4_23,
	title = {Kanban: Definition, Prinzipien und Beispiele! [2023] • Asana},
	url = {https://asana.com/de/resources/what-is-kanban},
	shorttitle = {Kanban},
	abstract = {Mit Kanban lassen sich Projekt einfach und effizient strukturieren. Mehr über die Kanban-Methode erfahren Sie hier!},
	titleaddon = {Asana},
	author = {Asana},
	urldate = {2023-11-22},
	langid = {german},
	file = {Snapshot:C\:\\Users\\nicka\\Zotero\\storage\\ICLWMWFE\\what-is-kanban.html:text/html},
}
