
@incollection{faust_literature_2021,
	location = {Wiesbaden},
	title = {Literature and Theoretical Background of Gamification},
	isbn = {978-3-658-35195-3},
	url = {https://doi.org/10.1007/978-3-658-35195-3_2},
	abstract = {This chapter deals with the theoretical background on gamification and provides an overview of the current state of research. I begin by explaining the concept of gamification and related terms. I then move on to provide insights into the variety of theoretical frames used in the context of gamification and delimit the concepts with respect to others.},
	pages = {7--44},
	booktitle = {The Effects of Gamification on Motivation and Performance},
	publisher = {Springer Fachmedien},
	author = {Faust, Anna},
	editor = {Faust, Anna},
	urldate = {2023-11-09},
	date = {2021},
	langid = {english},
	doi = {10.1007/978-3-658-35195-3_2},
	file = {Full Text PDF:C\:\\Users\\nicka\\Zotero\\storage\\7IH5KA9V\\Faust - 2021 - Literature and Theoretical Background of Gamificat.pdf:application/pdf},
}
