
@online{noauthor_manifest_nodate,
	title = {Manifest für Agile Softwareentwicklung},
	url = {https://agilemanifesto.org/iso/de/manifesto.html},
	urldate = {2023-11-22},
	file = {Manifest für Agile Softwareentwicklung:C\:\\Users\\nicka\\Zotero\\storage\\2WUDSQHL\\manifesto.html:text/html},
}
