
@misc{noauthor_mit_nodate,
	title = {Mit {Asana} loslegen},
	url = {https://help.asana.com/hc/de/articles/14250783001627-Mit-Asana-loslegen},
	abstract = {Unabhängig davon, ob Sie an einer einfachen Aufgabe oder einem komplexen Projekt arbeiten, ist es mit Asana einfach, zusammenzuarbeiten, Arbeitsabläufe zu optimieren und Ihre Ziele zu erreichen. In...},
	language = {de},
	urldate = {2023-12-29},
	journal = {Asana Help Center},
	file = {Snapshot:C\:\\Users\\nicka\\Zotero\\storage\\EZ68L2HQ\\14250783001627-Mit-Asana-loslegen.html:text/html},
}
