
@online{venzmer_multiprojektmanagement-software_2020,
	title = {Multiprojektmanagement-Software und Tools - Eine Übersicht},
	url = {https://pm-tools.info/faq/multiprojektmanagement-software-und-tools-eine-uebersicht/},
	abstract = {Wie hilft Ihnen Multiprojektmanagement-Software und worauf müssen Sie bei der Auswahl achten? Hier erhalten Sie Übersicht und gute Vorschläge zu Tools.},
	titleaddon = {pm-tools},
	author = {Venzmer, Dr Eike},
	urldate = {2023-12-19},
	date = {2020-07-27},
	langid = {german},
	file = {Snapshot:C\:\\Users\\nicka\\Zotero\\storage\\QKRVKMQA\\multiprojektmanagement-software-und-tools-eine-uebersicht.html:text/html},
}
