
@online{noauthor_organisationshandbuch_nodate,
	title = {Organisationshandbuch - Kanban},
	url = {https://www.orghandbuch.de/OHB/DE/OrganisationshandbuchNEU/4_MethodenUndTechniken/Methoden_A_bis_Z/Kanban/Kanban_node.html},
	urldate = {2023-11-23},
	file = {Organisationshandbuch - Kanban:C\:\\Users\\nicka\\Zotero\\storage\\HMAKDWJN\\Kanban_node.html:text/html},
}
