
@online{noauthor_paradoxe_nodate,
	title = {Paradoxe Effekte von Gamification: Spielerisch vorbei am Ziel},
	url = {https://dl.gi.de/items/81dde481-726d-44f4-8917-b33025491975},
	urldate = {2023-11-18},
	file = {Paradoxe Effekte von Gamification\: Spielerisch vorbei am Ziel:C\:\\Users\\nicka\\Zotero\\storage\\BQGP5SWP\\81dde481-726d-44f4-8917-b33025491975.html:text/html},
}
