
@book{drucker_people_1995,
	title = {People and Performance: The Best of Peter Drucker on Management},
	isbn = {978-0-7506-2502-9},
	url = {https://books.google.de/books?id=fI0VYReBpI8C},
	publisher = {Butterworth-Heinemann},
	author = {Drucker, P.F.},
	date = {1995},
}
