
@online{venzmer_projektmanagement_2020,
	title = {Projektmanagement mit Asana macht Spaß - Ein Review},
	url = {https://pm-tools.info/projektmanagement-software-reviews/projektmanagement-mit-asana-review/},
	abstract = {Asana geht als Projektmanagement-Software über Task Management hinaus. Ein Review zu Vorteilen, Preisen, Datenschutz und Fabelwesen.},
	titleaddon = {pm-tools},
	author = {Venzmer, Dr Eike},
	urldate = {2023-12-21},
	date = {2020-04-23},
	langid = {german},
	file = {Snapshot:C\:\\Users\\nicka\\Zotero\\storage\\U5WIYIF9\\projektmanagement-mit-asana-review.html:text/html},
}
