
@online{asana_projektmanagement_nodate,
	title = {Projektmanagement einfach erklärt! [2022] • Asana},
	url = {https://asana.com/de/resources/benefits-project-management},
	abstract = {Projektmanagement stellt die Grundlage für ein erfolgreiches Projekt dar. Alles über die Grundlagen erfahren Sie hier!},
	titleaddon = {Asana},
	author = {Asana},
	urldate = {2023-11-22},
	langid = {german},
	file = {Snapshot:C\:\\Users\\nicka\\Zotero\\storage\\4NHJ6DX6\\benefits-project-management.html:text/html},
}
