
@online{venzmer_projektplaner-software_2020,
	title = {Projektplaner-Software - Basis f√ºr ein erfolgreiches Projekt},
	url = {https://pm-tools.info/faq/projektplaner-software-basis-fuer-ein-erfolgreiches-projekt/},
	abstract = {Projektplaner-Software erleichtert die Arbeit schon in der Vorbereitung zum Projekt. Vorteile, wichtige Features, Bewertung und Beispiele sehen Sie hier.},
	titleaddon = {pm-tools},
	author = {Venzmer, Dr Eike},
	urldate = {2023-12-17},
	date = {2020-07-17},
	langid = {german},
	file = {Snapshot:C\:\\Users\\nicka\\Zotero\\storage\\E5N8GTX4\\projektplaner-software-basis-fuer-ein-erfolgreiches-projekt.html:text/html},
}
