
@online{noauthor_projektmanagement_nodate,
	title = {Projektmanagement Tools - Informationen zur Software Auswahl},
	url = {https://pm-tools.info/},
	abstract = {Welche Projektmanagement Tools sind gut? Finden Sie das Passende - Reviews und Kosten im Vergleich - alles unabh√§ngig. Jetzt informieren!},
	titleaddon = {pm-tools},
	urldate = {2023-12-19},
	langid = {german},
	file = {Snapshot:C\:\\Users\\nicka\\Zotero\\storage\\6N4VXNVL\\pm-tools.info.html:text/html},
}
