
@online{venzmer_projektcontrolling-tool_2020,
	title = {Projektcontrolling-Tool und Software - Warum und worauf sollten Sie achten?},
	url = {https://pm-tools.info/faq/projektcontrolling-tool/},
	abstract = {Ein Projektcontrolling-Tool hilft Ihnen den Ãœberblick zu behalten. Was bietet diese Software noch und was gilt es bei der Wahl zu beachten?},
	titleaddon = {pm-tools},
	author = {Venzmer, Dr Eike},
	urldate = {2023-12-19},
	date = {2020-11-25},
	langid = {german},
	file = {Snapshot:C\:\\Users\\nicka\\Zotero\\storage\\G8PVLVAC\\projektcontrolling-tool.html:text/html},
}
