
@online{annesch_prokrastination_2017,
	title = {Prokrastination {III} oder: Habitica, das wundersame Reich der Gewohnheit},
	url = {https://annesch.wordpress.com/2017/01/20/prokrastination-iii-oder-habitica-das-wundersame-reich-der-gewohnheit/},
	shorttitle = {Prokrastination {III} oder},
	abstract = {Gewohnheiten können mir, wie ich schon vor ein paar Monaten im Post Gewohnheiten in Bezug auf das Abnehmen schrieb, von großem Nutzen sein – oder das genaue Gegenteil. Positive Gewohnheiten h…},
	titleaddon = {Berg- \& Talträume},
	author = {{ANNESCH}},
	urldate = {2023-11-09},
	date = {2017-01-20},
	langid = {german},
	file = {Snapshot:C\:\\Users\\nicka\\Zotero\\storage\\4VC3UT6E\\prokrastination-iii-oder-habitica-das-wundersame-reich-der-gewohnheit.html:text/html},
}
