
@online{ludologie_spielertypen_nodate,
	title = {Spielertypen},
	url = {https://www.ludologie.de/spielforschung/spielertypen/},
	author = {Ludologie, Institut f√ºr},
	urldate = {2023-11-09},
	langid = {english},
}
