
@online{noauthor_spielertypen_nodate,
	title = {Spielertypen nach Marczewski},
	url = {https://www.informatik.uni-oldenburg.de/~iug15/ga/spielertypen.html},
	urldate = {2023-11-18},
	file = {Informatik und Gesellschaft - Gamification:C\:\\Users\\nicka\\Zotero\\storage\\P9D4AEH3\\spielertypen.html:text/html},
}
