
@misc{venzmer_task_2020,
	title = {Task {Management} {Software} zur besseren {Aufgabenverwaltung}},
	url = {https://pm-tools.info/faq/task-management-software-zur-besseren-aufgabenverwaltung/},
	abstract = {Task Management Software ist heute extrem wichtig im Unternehmen und Projekt. Hier erfährst Du was Aufgabenverwaltung ist und was eine Software können soll.},
	language = {de-DE},
	urldate = {2023-12-18},
	journal = {pm-tools},
	author = {Venzmer, Dr Eike},
	month = may,
	year = {2020},
	file = {Snapshot:C\:\\Users\\nicka\\Zotero\\storage\\TJPAWYNJ\\task-management-software-zur-besseren-aufgabenverwaltung.html:text/html},
}
