
@book{faust_effects_2021,
	location = {Wiesbaden},
	title = {The Effects of Gamification on Motivation and Performance},
	isbn = {978-3-658-35194-6 978-3-658-35195-3},
	url = {https://link.springer.com/10.1007/978-3-658-35195-3},
	publisher = {Springer Fachmedien},
	author = {Faust, Anna},
	urldate = {2023-11-09},
	date = {2021},
	langid = {english},
	doi = {10.1007/978-3-658-35195-3},
	keywords = {gamification, incentives, management accounting, non-monetary incentives, performance},
	file = {Full Text PDF:C\:\\Users\\nicka\\Zotero\\storage\\GP2BPVFE\\Faust - 2021 - The Effects of Gamification on Motivation and Perf.pdf:application/pdf},
}
