
@online{chou_octalysis_2023,
	title = {The Octalysis Framework for Gamification \& Behavioral Design},
	url = {https://yukaichou.com/gamification-examples/octalysis-complete-gamification-framework/},
	abstract = {Gamification Design, With 8 Principal: Epic Meaning ,Accomplishment, Empowerment of Creativity, Ownership, Social Influence, Scarcity, Unpredictability \& Loss.},
	author = {Chou, Author Yu-kai},
	urldate = {2023-11-12},
	date = {2023-09-05},
	langid = {american},
	file = {Snapshot:C\:\\Users\\nicka\\Zotero\\storage\\6RRXIUYN\\octalysis-complete-gamification-framework.html:text/html},
}
