
@online{noauthor_verwaltung_nodate,
	title = {Verwaltung innovativ - {SMART}-Regel / {SMART}-Methode - {SMART}-Regel / {SMART}-Methode},
	url = {https://www.verwaltung-innovativ.de/OHB/DE/OrganisationshandbuchNEU/4_MethodenUndTechniken/Methoden_A_bis_Z/SMART_Regel_Methode/SMART_Regel_Methode_inhalt.html},
	urldate = {2024-01-25},
	file = {Verwaltung innovativ - SMART-Regel / SMART-Methode - SMART-Regel / SMART-Methode:C\:\\Users\\nicka\\Zotero\\storage\\FY69YQSP\\SMART_Regel_Methode_inhalt.html:text/html},
}
