
@online{haric_definition_nodate,
	title = {Definition: Management},
	url = {https://wirtschaftslexikon.gabler.de/definition/management-37609},
	shorttitle = {Definition},
	abstract = {Was ist "Management"? Definition im Gabler Wirtschaftslexikon vollständig und kostenfrei online. ✓Geprüftes Wissen beim Original.},
	titleaddon = {https://wirtschaftslexikon.gabler.de/definition/management-37609},
	type = {Text},
	author = {Haric, Dr Peter},
	urldate = {2023-11-22},
	langid = {german},
	note = {Publisher: Springer Fachmedien Wiesbaden {GmbH}
Section: economy},
	file = {Snapshot:C\:\\Users\\nicka\\Zotero\\storage\\B6PNCB6R\\management-37609.html:text/html},
}
