
@online{noauthor_what_2021,
	title = {What is Gamification - Yu-kai Chou},
	url = {https://yukaichou.com/gamification-examples/what-is-gamification/},
	abstract = {If you want to make Gamification actionable, Check out my Complete Gamification Framework called Octalysis. What is Gamification? What is Gamification? This may be an unfamiliar word for many of you. As a leading author and pioneer of the industry (since 2003), I'm here to help you grasp the promise of gamification and clear up some},
	urldate = {2023-11-12},
	date = {2021-12-04},
	langid = {american},
	file = {Snapshot:C\:\\Users\\nicka\\Zotero\\storage\\9A5C3N8S\\what-is-gamification.html:text/html},
}
