
@online{venzmer_wie_2020,
	title = {Wie kann Ressourcenplanungs-Software Ihnen helfen?},
	url = {https://pm-tools.info/faq/wie-kann-ressourcenplanungs-software-ihnen-helfen/},
	abstract = {Ressourcenplanung per Hand ist eine undankbare Aufgabe. Hier lesen Sie, wie Ihnen eine Ressourcenplanungs-Software weiterhelfen kann.},
	titleaddon = {pm-tools},
	author = {Venzmer, Dr Eike},
	urldate = {2023-12-19},
	date = {2020-07-15},
	langid = {german},
	file = {Snapshot:C\:\\Users\\nicka\\Zotero\\storage\\SZS5BSS8\\wie-kann-ressourcenplanungs-software-ihnen-helfen.html:text/html},
}
