
@online{gmbh_detailseite_nodate,
	title = {detailseite},
	rights = {Projektron {GmbH}, Berlin, 2001-2023},
	url = {https://www.projektron.de/blog/detailseite/projektportfoliomanagement-ppm-3511/},
	abstract = {Wozu Projektportfoliomanagement? Was ist {PPM} und was bringt es? âž½ Entdecken Sie die Vorteile und erhalten Sie Ihre 7-Schritte-{PPM}-Strategie!},
	author = {{GmbH}, Projektron},
	urldate = {2023-12-19},
	langid = {german},
	file = {Snapshot:C\:\\Users\\nicka\\Zotero\\storage\\MK9H8NEV\\projektportfoliomanagement-ppm-3511.html:text/html},
}
