
% Journals

% First the Full Name is given, then the abbreviation used in the AMS Math
% Reviews, with an indication if it could not be found there.
% Note the 2nd overwrites the 1st, so swap them if you want the full name.

 %{AMS}
 @String{AMSTrans = "American Mathematical Society Translations" }
 @String{AMSTrans = "Amer. Math. Soc. Transl." }
 @String{BullAMS = "Bulletin of the American Mathematical Society" }
 @String{BullAMS = "Bull. Amer. Math. Soc." }
 @String{ProcAMS = "Proceedings of the American Mathematical Society" }
 @String{ProcAMS = "Proc. Amer. Math. Soc." }
 @String{TransAMS = "Transactions of the American Mathematical Society" }
 @String{TransAMS = "Trans. Amer. Math. Soc." }

 %ACM
 @String{CACM = "Communications of the {ACM}" }
 @String{CACM = "Commun. {ACM}" }
 @String{CompServ = "Comput. Surveys" }
 @String{JACM = "J. ACM" }
 @String{ACMMathSoft = "{ACM} Transactions on Mathematical Software" }
 @String{ACMMathSoft = "{ACM} Trans. Math. Software" }
 @String{SIGNUM = "{ACM} {SIGNUM} Newsletter" }
 @String{SIGNUM = "{ACM} {SIGNUM} Newslett." }

 @String{AmerSocio = "American Journal of Sociology" }
 @String{AmerStatAssoc = "Journal of the American Statistical Association" }
 @String{AmerStatAssoc = "J. Amer. Statist. Assoc." }
 @String{ApplMathComp = "Applied Mathematics and Computation" }
 @String{ApplMathComp = "Appl. Math. Comput." }
 @String{AmerMathMonthly = "American Mathematical Monthly" }
 @String{AmerMathMonthly = "Amer. Math. Monthly" }
 @String{BIT = "{BIT}" }
 @String{BritStatPsych = "British Journal of Mathematical and Statistical
          Psychology" }
 @String{BritStatPsych = "Brit. J. Math. Statist. Psych." }
 @String{CanMathBull = "Canadian Mathematical Bulletin" }
 @String{CanMathBull = "Canad. Math. Bull." }
 @String{CompApplMath = "Journal of Computational and Applied Mathematics" }
 @String{CompApplMath = "J. Comput. Appl. Math." }
 @String{CompPhys = "Journal of Computational Physics" }
 @String{CompPhys = "J. Comput. Phys." }
 @String{CompStruct = "Computers and Structures" }
 @String{CompStruct = "Comput. \& Structures" }
 @String{CompJour = "The Computer Journal" }
 @String{CompJour = "Comput. J." }
 @String{CompSysSci = "Journal of Computer and System Sciences" }
 @String{CompSysSci = "J. Comput. System Sci." }
 @String{Computing = "Computing" }
 @String{ContempMath = "Contemporary Mathematics" }
 @String{ContempMath = "Contemp. Math." }
 @String{Crelle = "Crelle's Journal" }
 @String{GiornaleMath = "Giornale di Mathematiche" }
 @String{GiornaleMath = "Giorn. Mat." } % didn't find in AMS MR., ibid.

 %IEEE
 @String{Computer = "{IEEE} Computer" }
 @String{IEEETransComp = "{IEEE} Transactions on Computers" }
 @String{IEEETransComp = "{IEEE} Trans. Comput." }
 @String{IEEETransAC = "{IEEE} Transactions on Automatic Control" }
 @String{IEEETransAC = "{IEEE} Trans. Automat. Control" }
 @String{IEEESpec = "{IEEE} Spectrum" } % didn't find in AMS MR
 @String{ProcIEEE = "Proceedings of the {IEEE}" }
 @String{ProcIEEE = "Proc. {IEEE}" } % didn't find in AMS MR
 @String{IEEETransAeroElec = "{IEEE} Transactions on Aerospace and Electronic
     Systems" }
 @String{IEEETransAeroElec = "{IEEE} Trans. Aerospace Electron. Systems" }

 @String{IMANumerAna = "{IMA} Journal of Numerical Analysis" }
 @String{IMANumerAna = "{IMA} J. Numer. Anal." }
 @String{InfProcLet = "Information Processing Letters" }
 @String{InfProcLet = "Inform. Process. Lett." }
 @String{InstMathApp = "Journal of the Institute of Mathematics and
     its Applications" }
 @String{InstMathApp = "J. Inst. Math. Appl." }
 @String{IntControl = "International Journal of Control" }
 @String{IntControl = "Internat. J. Control" }
 @String{IntNumerEng = "International Journal for Numerical Methods in
     Engineering" }
 @String{IntNumerEng = "Internat. J. Numer. Methods Engrg." }
 @String{IntSuper = "International Journal of Supercomputing Applications" }
 @String{IntSuper = "Internat. J. Supercomputing Applic." } % didn't find
%% in AMS MR
 @String{Kibernetika = "Kibernetika" }
 @String{JResNatBurStand = "Journal of Research of the National Bureau
     of Standards" }
 @String{JResNatBurStand = "J. Res. Nat. Bur. Standards" }
 @String{LinAlgApp = "Linear Algebra and its Applications" }
 @String{LinAlgApp = "Linear Algebra Appl." }
 @String{MathAnaAppl = "Journal of Mathematical Analysis and Applications" }
 @String{MathAnaAppl = "J. Math. Anal. Appl." }
 @String{MathAnnalen = "Mathematische Annalen" }
 @String{MathAnnalen = "Math. Ann." }
 @String{MathPhys = "Journal of Mathematical Physics" }
 @String{MathPhys = "J. Math. Phys." }
 @String{MathComp = "Mathematics of Computation" }
 @String{MathComp = "Math. Comp." }
 @String{MathScand = "Mathematica Scandinavica" }
 @String{MathScand = "Math. Scand." }
 @String{TablesAidsComp = "Mathematical Tables and Other Aids to Computation" }
 @String{TablesAidsComp = "Math. Tables Aids Comput." }
 @String{NumerMath = "Numerische Mathematik" }
 @String{NumerMath = "Numer. Math." }
 @String{PacificMath = "Pacific Journal of Mathematics" }
 @String{PacificMath = "Pacific J. Math." }
 @String{ParDistComp = "Journal of Parallel and Distributed Computing" }
 @String{ParDistComp = "J. Parallel and Distrib. Comput." } % didn't find
%% in AMS MR
 @String{ParComputing = "Parallel Computing" }
 @String{ParComputing = "Parallel Comput." }
 @String{PhilMag = "Philosophical Magazine" }
 @String{PhilMag = "Philos. Mag." }
 @String{ProcNAS = "Proceedings of the National Academy of Sciences
                    of the USA" }
 @String{ProcNAS = "Proc. Nat. Acad. Sci. U. S. A." }
 @String{Psychometrika = "Psychometrika" }
 @String{QuartMath = "Quarterly Journal of Mathematics, Oxford, Series (2)" }
 @String{QuartMath = "Quart. J. Math. Oxford Ser. (2)" }
 @String{QuartApplMath = "Quarterly of Applied Mathematics" }
 @String{QuartApplMath = "Quart. Appl. Math." }
 @String{RevueInstStat = "Review of the International Statisical Institute" }
 @String{RevueInstStat = "Rev. Inst. Internat. Statist." }

 %SIAM
 @String{JSIAM = "Journal of the Society for Industrial and Applied
     Mathematics" }
 @String{JSIAM = "J. Soc. Indust. Appl. Math." }
 @String{JSIAMB = "Journal of the Society for Industrial and Applied
     Mathematics, Series B, Numerical Analysis" }
 @String{JSIAMB = "J. Soc. Indust. Appl. Math. Ser. B Numer. Anal." }
 @String{SIAMAlgMeth = "{SIAM} Journal on Algebraic and Discrete Methods" }
 @String{SIAMAlgMeth = "{SIAM} J. Algebraic Discrete Methods" }
 @String{SIAMAppMath = "{SIAM} Journal on Applied Mathematics" }
 @String{SIAMAppMath = "{SIAM} J. Appl. Math." }
 @String{SIAMComp = "{SIAM} Journal on Computing" }
 @String{SIAMComp = "{SIAM} J. Comput." }
 @String{SIAMMatrix = "{SIAM} Journal on Matrix Analysis and Applications" }
 @String{SIAMMatrix = "{SIAM} J. Matrix Anal. Appl." }
 @String{SIAMNumAnal = "{SIAM} Journal on Numerical Analysis" }
 @String{SIAMNumAnal = "{SIAM} J. Numer. Anal." }
 @String{SIAMReview = "{SIAM} Review" }
 @String{SIAMReview = "{SIAM} Rev." }
 @String{SIAMSciStat = "{SIAM} Journal on Scientific and Statistical
     Computing" }
 @String{SIAMSciStat = "{SIAM} J. Sci. Statist. Comput." }

 @String{SoftPracExp = "Software Practice and Experience" }
 @String{SoftPracExp = "Software Prac. Experience" } % didn't find in AMS MR
 @String{StatScience = "Statistical Science" }
 @String{StatScience = "Statist. Sci." }
 @String{Techno = "Technometrics" }
 @String{USSRCompMathPhys = "{USSR} Computational Mathematics and Mathematical
     Physics" }
 @String{USSRCompMathPhys = "{U. S. S. R.} Comput. Math. and Math. Phys." }
 @String{VLSICompSys = "Journal of {VLSI} and Computer Systems" }
 @String{VLSICompSys = "J. {VLSI} Comput. Syst." }
 @String{ZAngewMathMech = "Zeitschrift fur Angewandte Mathematik und
     Mechanik" }
 @String{ZAngewMathMech = "Z. Angew. Math. Mech." }
 @String{ZAngewMathPhys = "Zeitschrift fur Angewandte Mathematik und Physik" }
 @String{ZAngewMathPhys = "Z. Angew. Math. Phys." }

% Publishers % ================================================= |

 @String{Academic = "Academic Press" }
 @String{ACMPress = "{ACM} Press" }
 @String{AdamHilger = "Adam Hilger" }
 @String{AddisonWesley = "Addison-Wesley" }
 @String{AllynBacon = "Allyn and Bacon" }
 @String{AMS = "American Mathematical Society" }
 @String{Birkhauser = "Birkha{\"u}ser" }
 @String{CambridgePress = "Cambridge University Press" }
 @String{Chelsea = "Chelsea" }
 @String{ClaredonPress = "Claredon Press" }
 @String{DoverPub = "Dover Publications" }
 @String{Eyolles = "Eyolles" }
 @String{HoltRinehartWinston = "Holt, Rinehart and Winston" }
 @String{Interscience = "Interscience" }
 @String{JohnsHopkinsPress = "The Johns Hopkins University Press" }
 @String{JohnWileySons = "John Wiley and Sons" }
 @String{Macmillan = "Macmillan" }
 @String{MathWorks = "The Math Works Inc." }
 @String{McGrawHill = "McGraw-Hill" }
 @String{NatBurStd = "National Bureau of Standards" }
 @String{NorthHolland = "North-Holland" }
 @String{OxfordPress = "Oxford University Press" }  %address Oxford or London?
 @String{PergamonPress = "Pergamon Press" }
 @String{PlenumPress = "Plenum Press" }
 @String{PrenticeHall = "Prentice-Hall" }
 @String{SIAMPub = "{SIAM} Publications" }
 @String{Springer = "Springer-Verlag" }
 @String{TexasPress = "University of Texas Press" }
 @String{VanNostrand = "Van Nostrand" }
 @String{WHFreeman = "W. H. Freeman and Co." }

%Entries

@Article{Abril07,
  author        = "Patricia S. Abril and Robert Plant",
  title         = "The patent holder's dilemma: Buy, sell, or troll?",
  journal       = "Communications of the ACM",
  volume        = "50",
  number        = "1",
  month         = jan,
  year          = "2007",
  pages         = "36--44",
  doi           = "10.1145/1188913.1188915",
  url           = "http://doi.acm.org/10.1145/1219092.1219093",
  note          = "",
}

@Inproceedings{shahram2021,
  author=       {Ghandeharizadeh, Shahram},
  booktitle=    {ACM Multimedia Asia}, 
  title=        {{Holodeck: Immersive 3D Displays Using Swarms of Flying Light Specks}}, 
  month=        {December},
  publisher =   "ACM Press",
  address =     "New York, NY",
  pages =       {1-7},
  year=         {2021},
  location =    {Gold Coast, Australia},
  doi=          {https://doi.org/10.1145/3469877.3493698}
}

@Inproceedings{shahram2022,
  author =      {Ghandeharizadeh, Shahram},
  title =       {{Display of 3D Illuminations using Flying Light Specks}},
  publisher =   "ACM Press",
  address =     "New York, NY",
  year =        {2022},
  isbn =        {978-1-4503-9203-7/22/10},
  booktitle =   {ACM Multimedia},
  pages =       {2996–3005}
}

@Article{Cohen07,
  author        = "Sarah Cohen and Werner Nutt and Yehoshua Sagic",
  title         = "Deciding equivalances among conjunctive aggregate queries",
  journal       = JACM,
  articleno     = "5",
  numpages      = "50",
  volume        = "54",
  number        = "2",
  month         = apr,
  year          = "2007",
  doi           = "10.1145/1219092.1219093",
  url           = "http://doi.acm.org/10.1145/1219092.1219093",
  acmid         = "1219093",
  note          = "",
}


@periodical{JCohen96,
  key =          "Cohen",
  editor =       "Jacques Cohen",
  title =        "Special issue: Digital Libraries",
  journal =      CACM,
  volume =       "39",
  number =       "11",
  month =        nov,
  year =         "1996",
}


@Book{Kosiur01,
  author =       "David Kosiur",
  title =        "Understanding Policy-Based Networking",
  publisher =    "Wiley",
  year =         "2001",
  address =      "USA",
  edition =      "2.",
  editor =       "",
  volume =       "",
  number =       "",
  series =       "",
  month =        "",
  note =         "",
}


@Book{Harel79,
  author =       "David Harel",
  year =         "1979",
  title =        "First-Order Dynamic Logic",
  series =       "Lecture Notes in Computer Science",
  volume =       "68",
  address =      "New York, NY",
  publisher =    "Springer-Verlag",
  doi =          "10.1007/3-540-09237-4",
  url =          "http://dx.doi.org/10.1007/3-540-09237-4",
  editor =       "",
  number =       "",
  month =        "",
  note =         "",
}

@inbook{Editor00,
  author       = {Peter Eston}, 
  title        = {The title of the work},
  chapter      = 8,
  pages        = {201-213},
  publisher    = {The name of the publisher},
  doi =          "10.1007/3-540-09237-4",
  year         = 1993,
  volume       = 4,
  series       = 5,
  address      = {The address of the publisher},
  edition      = 3,
  month        = 7,
  note         = {An optional note}
}

%
@InBook{Editor00a,
  author =       "",
  editor =       "Ian Editor",
  title =        "The title of book two",
  subtitle =     "The book subtitle",
  series =       "The name of the series two",
  year =         "2008",
  address =      "Chicago",
  edition =      "2nd.",
  publisher =    "University of Chicago Press",
  doi =          "10.1007/3-540-09237-4",
  url =          "http://dx.doi.org/10.1007/3-540-09456-9",
  volume =       "",
  chapter =      "100",
  pages        = {201-213},
  number =       "",
  type =         "",
  month =        "",
  note =         "",
}


% incollection (has an editor, title, and possibly a booktitle)
@Incollection{Spector90,
  author =       "Asad Z. Spector",
  title =        "Achieving application requirements",
  booktitle =    "Distributed Systems",
  publisher =    "ACM Press",
  address =      "New York, NY",
  year =         "1990",
  edition =      "2nd.",
  chapter =      "",
  editor =       "Sape Mullender",
  pages =        "19--33",
  doi =          "10.1145/90417.90738",
  url =          "http://doi.acm.org/10.1145/90417.90738",
  volume =       "",
  number =       "",
  series =       "",
  type =         "",
  month =        "",
  note =         "",
}


% incollection (has an editor, title, and possibly a booktitle)
@Incollection{Douglass98,
  author =       "Bruce P. Douglass and David Harel and Mark B. Trakhtenbrot",
  title =        "Statecarts in use: structured analysis and object-orientation",
  series =       "Lecture Notes in Computer Science",
  booktitle =    "Lectures on Embedded Systems",
  publisher =    "Springer-Verlag",
  address =      "London",
  volume =       "1494",
  year =         "1998",
  chapter =      "",
  editor =       "Grzegorz Rozenberg and Frits W. Vaandrager",
  pages =        "368--394",
  doi =          "10.1007/3-540-65193-4_29",
  url =          "http://dx.doi.org/10.1007/3-540-65193-4_29",
  edition =      "",
  number =       "",
  type =         "",
  month =        "",
  note =         "",
}


@Book{Knuth97,
  author =       "Donald E. Knuth",
  title =        "The Art of Computer Programming, Vol. 1: Fundamental Algorithms (3rd. ed.)",
  publisher =    "Addison Wesley Longman Publishing Co., Inc.",
  year =         "1997",
  address =      "USA",
  edition =      "",
  editor =       "",
  volume =       "",
  number =       "",
  series =       "",
  month =        "",
  note =         "",
}


@Book{Knuth98,
  author =       "Donald E. Knuth",
  year =         "1998",
  title =        "The Art of Computer Programming",
  series =       "Fundamental Algorithms",
  volume =       "1",
  edition =      "3rd",
  address =      "",
  publisher =    "Addison Wesley Longman Publishing Co., Inc.",
  doi =          "",
  url =          "",
  editor =       "",
  number =       "",
  month =        "",
  note =         "(book)",
}

%Inbook{Knuth97,
%  author =       "Donald E. Knuth",
%  title =        "The Art of Computer Programming",
%  booktitle =    "the booktitle",
%  edition =      "3",
%  volume =       "1",
%  year =         "1997",
%  publisher =    "Addison Wesley Longman Publishing Co., Inc.",
%  editor =       "",
%  number =       "",
%  series =       "Fundamental Algorithms",
%  type =         "",
%  chapter =      "",
%  pages =        "",
%  address =      "",
%  month =        "",
%  note =         "(inbook)",
%}

%INBOOK{DK:73-inbook-full,
%   author = "Donald E. Knuth",
%   title = "Fundamental Algorithms (inbook w series)",
%   volume = 1,
%   series = "The Art of Computer Programming",
%   publisher = "Addison-Wesley",
%   address = "Reading, Massachusetts",
%   edition = "Second",
%   month = "10~" # jan,
%   year = "1973",
%   type = "Section",
%   chapter = "1.2",
%   pages = "10--119",
%   note = "Full INBOOK entry (w series)",
%}

%INcollection{DK:74-incoll,
%   author = "Donald E. Knuth",
%   title = "Fundamental Algorithms (incoll)",
%   volume = 1,
%   booktitle = "The Art of Computer Programming",
%   publisher = "Addison-Wesley",
%   address = "Reading, Massachusetts",
%   month = "10~" # jan,
%   year = "1974",
%   pages = "10--119",
%   editor = "Bernard Rous",
%   note = "This is a full incoll entry with an editor",
%}

%INcollection{DK:75-incollws,
%   author = "Donald E. Knuth",
%   title = "Fundamental Algorithms (incoll w series)",
%   volume = 1,
%   booktitle = "The Art of Computer Programming",
%   series = "The Art of Computer Programming",
%   publisher = "Addison-Wesley",
%   address = "Reading, Massachusetts",
%   month = "10~" # jan,
%   year = "1975",
%   pages = "10--119",
%   editor = "Bernard Rous",
%   note = "This is a full incoll entry with an editor and series",
%}


@incollection{GM05,
Author= "Dan Geiger and Christopher Meek",
Title= "Structured Variational Inference Procedures and their Realizations (as incol)",
Year= 2005,
Booktitle="Proceedings of Tenth International Workshop on Artificial Intelligence and Statistics, {\rm The Barbados}",
Publisher="The Society for Artificial Intelligence and Statistics",
Month= jan,
Editors= "Z. Ghahramani and R. Cowell"
}

@Inproceedings{Smith10,
  author =       "Stan W. Smith",
  title =        "An experiment in bibliographic mark-up: Parsing metadata for XML export",
  booktitle =    "Proceedings of the 3rd. annual workshop on Librarians and Computers",
  series =       "LAC '10",
  editor =       "Reginald N. Smythe and Alexander Noble",
  volume =       "3",
  year =         "2010",
  publisher =    "Paparazzi Press",
  address =      "Milan Italy",
  pages =        "422--431",
  doi =          "10.1038/nphys1170",
  url =          "https://dx.doi.org/10.1038/nphys1170",
  number =       "",
  month =        "",
  organization = "",
  note =         "",
}


}

@Inproceedings{VanGundy07,
  author =       "Matthew Van Gundy and Davide Balzarotti and Giovanni Vigna",
  year =         "2007",
  title =        "Catch me, if you can: Evading network signatures with web-based polymorphic worms",
  booktitle =    "Proceedings of the first USENIX workshop on Offensive Technologies",
  series =       "WOOT '07",
  publisher =    "USENIX Association",
  address =      "Berkley, CA",
  articleno =    "7",
  numpages =     "9",
  editor =       "",
  volume =       "",
  number =       "",
  pages =        "",
  month =        "",
  organization = "",
  note =         "",
}

@Inproceedings{VanGundy08,
  author =       "Matthew Van Gundy and Davide Balzarotti and Giovanni Vigna",
  year =         "2008",
  title =        "Catch me, if you can: Evading network signatures with web-based polymorphic worms",
  booktitle =    "Proceedings of the first USENIX workshop on Offensive Technologies",
  series =       "WOOT '08",
  publisher =    "USENIX Association",
  address =      "Berkley, CA",
  articleno =    "7",
  numpages =     "2",
  editor =       "",
  volume =       "",
  number =       "",
  pages =        "99-100",
  month =        "",
  organization = "",
  note =         "",
}

@Inproceedings{VanGundy09,
  author =       "Matthew Van Gundy and Davide Balzarotti and Giovanni Vigna",
  year =         "2009",
  title =        "Catch me, if you can: Evading network signatures with web-based polymorphic worms",
  booktitle =    "Proceedings of the first USENIX workshop on Offensive Technologies",
  series =       "WOOT '09",
  publisher =    "USENIX Association",
  address =      "Berkley, CA",
  articleno =    "",
  numpages =     "",
  editor =       "",
  volume =       "",
  number =       "",
  pages =        "90--100",
  month =        "",
  organization = "",
  note =         "",
}

@Inproceedings{Andler79,
  author =       "Sten Andler",
  title =        "Predicate Path expressions",
  booktitle =    "Proceedings of the 6th. ACM SIGACT-SIGPLAN symposium on Principles of Programming Languages",
  series =       "POPL '79",
  year =         "1979",
  publisher =    "ACM Press",
  address =      "New York, NY",
  pages =        "226--236",
  doi =          "10.1145/567752.567774",
  url =          "http://doi.acm.org/10.1145/567752.567774",
  editor =       "",
  volume =       "",
  number =       "",
  month =        "",
  organization = "",
  note =         "",
}

@Techreport{Harel78,
  author =       "David Harel",
  year =         "1978",
  title =        "LOGICS of Programs: AXIOMATICS and DESCRIPTIVE POWER",
  institution =  "Massachusetts Institute of Technology",
  type =         "MIT Research Lab Technical Report",
  number =       "TR-200",
  address =      "Cambridge, MA",
  month =        "",
  note =         "",
}

@MASTERSTHESIS{anisi03,
author = {David A. Anisi},
title = {Optimal Motion Control of a Ground Vehicle},
school = {Royal Institute of Technology (KTH), Stockholm, Sweden},
intitution = {FOI-R-0961-SE, Swedish Defence Research Agency (FOI)},
year = {2003},
}


@Phdthesis{Clarkson85,
  author =       "Kenneth L. Clarkson",
  year =         "1985",
  title =        "Algorithms for Closest-Point Problems (Computational Geometry)",
  school =       "Stanford University",
  address =      "Palo Alto, CA",
  note =         "UMI Order Number: AAT 8506171",
  type =         "",
  month =        "",
}


@online{Thornburg01,
  author =       "Harry Thornburg",
  year =         "2001",
  title =        "Introduction to Bayesian Statistics",
  url =          "http://ccrma.stanford.edu/~jos/bayes/bayes.html",
  organization = "Stanford University",
  month =        mar,
  lastaccessed = "March 2, 2005",
}


@online{Ablamowicz07,
  author =       "Rafal Ablamowicz and Bertfried Fauser",
  year =         "2007",
  title =        "CLIFFORD: a Maple 11 Package for Clifford Algebra Computations, version 11",
  url =          "http://math.tntech.edu/rafal/cliff11/index.html",
  lastaccessed = "February 28, 2008",
  organization = "Tennessee Technological University",
}


@misc{Poker06,
  author =       "Poker-Edge.Com",
  year =         "2006",
  month =        mar,
  title =        "Stats and Analysis",
  lastaccessed = "June 7, 2006",
  url =          "http://www.poker-edge.com/stats.php",
}

@misc{Obama08,
  author        = "Barack Obama",
  year          = "2008",
  title         = "A more perfect union",
  howpublished  = "Video",
  day           = "5",
  url           = "http://video.google.com/videoplay?docid=6528042696351994555",
  month         = mar,
  lastaccessed  = "March 21, 2008",
  note          =  "",
}

@misc{JoeScientist001,
  author =       "Joseph Scientist",
  year =         "2009",
  title =        "The fountain of youth",
  note =         "Patent No. 12345, Filed July 1st., 2008, Issued Aug. 9th., 2009",
  url =          "",
  howpublished = "",
  month =        aug,
  lastaccessed = "",
}


@Inproceedings{Novak03,
  author =       "Dave Novak",
  title =        "Solder man",
  booktitle =    "ACM SIGGRAPH 2003 Video Review on Animation theater Program: Part I - Vol. 145 (July 27--27, 2003)",
  year =         "2003",
  publisher =    "ACM Press",
  address =      "New York, NY",
  pages =        "4",
  month =        "March 21, 2008",
  doi =          "99.9999/woot07-S422",
  url =          "http://video.google.com/videoplay?docid=6528042696351994555",
  note =         "",
  howpublished = "Video",
  editor =       "",
  volume =       "",
  number =       "",
  series =       "",
  organization = "",
}


@article{Lee05,
  author =       "Newton Lee",
  year =         "2005",
  title =        "Interview with Bill Kinder: January 13, 2005",
  journal =      "Comput. Entertain.",
  eid =          "4",
  volume =       "3",
  number =       "1",
  month =        "Jan.-March",
  doi =          "10.1145/1057270.1057278",
  url =          "http://doi.acm.org/10.1145/1057270.1057278",
  howpublished = "Video",
  note =         "",
}

@article{Rous08,
  author =       "Bernard Rous",
  year =         "2008",
  title =        "The Enabling of Digital Libraries",
  journal =      "Digital Libraries",
  volume =       "12",
  number =       "3",
  month =        jul,
  articleno =    "5",
  doi =          "",
  url =          "",
  howpublished = "",
  note =         "To appear",
}

@article{384253,
 author = {Werneck,, Renato and Setubal,, Jo\~{a}o and da Conceic\~{a}o,, Arlindo},
 title = {(old) Finding minimum congestion spanning trees},
 journal = {J. Exp. Algorithmics},
 volume = {5},
 year = {2000},
 issn = {1084-6654},
 pages = {11},
 doi = {http://doi.acm.org/10.1145/351827.384253},
 publisher = {ACM},
 address = {New York, NY, USA},
 }


@article{Werneck:2000:FMC:351827.384253,
 author = {Werneck, Renato and Setubal, Jo\~{a}o and da Conceic\~{a}o, Arlindo},
 title = {(new) Finding minimum congestion spanning trees},
 journal = {J. Exp. Algorithmics},
 volume = {5},
 month = dec,
 year = {2000},
 issn = {1084-6654},
 articleno = {11},
 url = {http://portal.acm.org/citation.cfm?id=351827.384253},
 doi = {10.1145/351827.384253},
 acmid = {384253},
 publisher = {ACM},
 address = {New York, NY, USA},
}

@article{1555162,
 author = {Conti, Mauro and Di Pietro, Roberto and Mancini, Luigi V. and Mei, Alessandro},
 title = {(old) Distributed data source verification in wireless sensor networks},
 journal = {Inf. Fusion},
 volume = {10},
 number = {4},
 year = {2009},
 issn = {1566-2535},
 pages = {342--353},
 doi = {http://dx.doi.org/10.1016/j.inffus.2009.01.002},
 publisher = {Elsevier Science Publishers B. V.},
 address = {Amsterdam, The Netherlands, The Netherlands},
 }

@article{Conti:2009:DDS:1555009.1555162,
 author = {Conti, Mauro and Di Pietro, Roberto and Mancini, Luigi V. and Mei, Alessandro},
 title = {(new) Distributed data source verification in wireless sensor networks},
 journal = {Inf. Fusion},
 volume = {10},
 number = {4},
 month = oct,
 year = {2009},
 issn = {1566-2535},
 pages = {342--353},
 numpages = {12},
 url = {http://portal.acm.org/citation.cfm?id=1555009.1555162},
 doi = {10.1016/j.inffus.2009.01.002},
 acmid = {1555162},
 publisher = {Elsevier Science Publishers B. V.},
 address = {Amsterdam, The Netherlands, The Netherlands},
 keywords = {Clone detection, Distributed protocol, Securing data fusion, Wireless sensor networks},
}

@inproceedings{Li:2008:PUC:1358628.1358946,
 author = {Li, Cheng-Lun and Buyuktur, Ayse G. and Hutchful, David K. and Sant, Natasha B. and Nainwal, Satyendra K.},
 title = {Portalis: using competitive online interactions to support aid initiatives for the homeless},
 booktitle = {CHI '08 extended abstracts on Human factors in computing systems},
 year = {2008},
 isbn = {978-1-60558-012-X},
 location = {Florence, Italy},
 pages = {3873--3878},
 numpages = {6},
 url = {http://portal.acm.org/citation.cfm?id=1358628.1358946},
 doi = {10.1145/1358628.1358946},
 acmid = {1358946},
 publisher = {ACM},
 address = {New York, NY, USA},
 keywords = {cscw, distributed knowledge acquisition, incentive design, online games, recommender systems, reputation systems, user studies, virtual community},
}

@book{Hollis:1999:VBD:519964,
 author = {Hollis, Billy S.},
 title = {Visual Basic 6: Design, Specification, and Objects with Other},
 year = {1999},
 isbn = {0130850845},
 edition = {1st},
 publisher = {Prentice Hall PTR},
 address = {Upper Saddle River, NJ, USA},
 }


@book{Goossens:1999:LWC:553897,
 author = {Goossens, Michel and Rahtz, S. P. and Moore, Ross and Sutor, Robert S.},
 title = {The  Latex Web Companion: Integrating TEX, HTML, and XML},
 year = {1999},
 isbn = {0201433117},
 edition = {1st},
 publisher = {Addison-Wesley Longman Publishing Co., Inc.},
 address = {Boston, MA, USA},
 }

% need to test genres for errant isbn output

% techreport
@techreport{897367,
 author = {Buss, Jonathan F. and Rosenberg, Arnold L. and Knott, Judson D.},
 title = {Vertex Types in Book-Embeddings},
 year = {1987},
 source = {http://www.ncstrl.org:8900/ncstrl/servlet/search?formname=detail\&id=oai%3Ancstrlh%3Aumass_cs%3Ancstrl.umassa_cs%2F%2FUM-CS-1987-018},
 publisher = {University of Massachusetts},
 address = {Amherst, MA, USA},
 }

@techreport{Buss:1987:VTB:897367,
 author = {Buss, Jonathan F. and Rosenberg, Arnold L. and Knott, Judson D.},
 title = {Vertex Types in Book-Embeddings},
 year = {1987},
 source = {http://www.ncstrl.org:8900/ncstrl/servlet/search?formname=detail\&id=oai%3Ancstrlh%3Aumass_cs%3Ancstrl.umassa_cs%2F%2FUM-CS-1987-018},
 publisher = {University of Massachusetts},
 address = {Amherst, MA, USA},
 }

% whole proceedings

@proceedings{Czerwinski:2008:1358628,
 author = {},
 note = {General Chair-Czerwinski, Mary and General Chair-Lund, Arnie and Program Chair-Tan, Desney},
 title = {CHI '08: CHI '08 extended abstracts on Human factors in computing systems},
 year = {2008},
 isbn = {978-1-60558-012-X},
 location = {Florence, Italy},
 order_no = {608085},
 publisher = {ACM},
 address = {New York, NY, USA},
 }

% phdthesis

@phdthesis{Clarkson:1985:ACP:911891,
 author = {Clarkson, Kenneth Lee},
 advisor = {Yao, Andrew C.},
 title = {Algorithms for Closest-Point Problems (Computational Geometry)},
 year = {1985},
 note = {AAT 8506171},
 school = {Stanford University},
 address = {Stanford, CA, USA},
 }
% school is being picked up -- but not publisher (which is OK)
% Also -- the title is NOT being output in italics !!! Arrrrgh! - I fixed it. :-)


%%% compare with 'old'
%%% atsign-Phdthesis{Clarkson85,
%%%  author =       "Kenneth L. Clarkson",
%%%  year =         "1985",
%%%  title =        "Algorithms for Closest-Point Problems (Computational Geometry)",
%%%  school =       "Stanford University",
%%%  address =      "Palo Alto, CA",
%%%  note =         "UMI Order Number: AAT 8506171",
%%%  type =         "",
%%%  month =        "",
%%%}

% A bibliography
@Article{1984:1040142,
 key = {{$\!\!$}},
 journal = {SIGCOMM Comput. Commun. Rev.},
 year = {1984},
 issn = {0146-4833},
 volume = {13-14},
 number = {5-1},
 issue_date = {January/April 1984},
 publisher = {ACM},
 address = {New York, NY, USA},
 }


% grinder
@inproceedings{2004:ITE:1009386.1010128,
 key = {IEEE},
 title = {IEEE TCSC Executive Committee},
 booktitle = {Proceedings of the IEEE International Conference on Web Services},
 series = {ICWS '04},
 year = {2004},
 isbn = {0-7695-2167-3},
 pages = {21--22},
 url = {http://dx.doi.org/10.1109/ICWS.2004.64},
 doi = {http://dx.doi.org/10.1109/ICWS.2004.64},
 acmid = {1010128},
 publisher = {IEEE Computer Society},
 address = {Washington, DC, USA},
}

% div book
@book{Mullender:1993:DS(:302430,
 editor = {Mullender, Sape},
 title = {Distributed systems (2nd Ed.)},
 year = {1993},
 isbn = {0-201-62427-3},
 publisher = {ACM Press/Addison-Wesley Publishing Co.},
 address = {New York, NY, USA},
 }

% master thesis (as techreport and thesis)

@techreport{Petrie:1986:NAD:899644,
 author = {Petrie, Charles J.},
 title = {New Algorithms for Dependency-Directed Backtracking (Master's thesis)},
 year = {1986},
 source = {http://www.ncstrl.org:8900/ncstrl/servlet/search?formname=detail\&id=oai%3Ancstrlh%3Autexas_cs%3AUTEXAS_CS%2F%2FAI86-33},
 publisher = {University of Texas at Austin},
 address = {Austin, TX, USA},
 }

@MASTERSTHESIS{Petrie:1986:NAD:12345,
 author = {Petrie, Charles J.},
 title = {New Algorithms for Dependency-Directed Backtracking (Master's thesis)},
 year = {1986},
 source = {http://www.ncstrl.org:8900/ncstrl/servlet/search?formname=detail\&id=oai%3Ancstrlh%3Autexas_cs%3AUTEXAS_CS%2F%2FAI86-33},
 school = {University of Texas at Austin},
 address = {Austin, TX, USA},
 }




@BOOK{book-minimal,
   author = "Donald E. Knuth",
   title = "Seminumerical Algorithms",
   publisher = "Addison-Wesley",
   year = "1981",
}

% incollection (has an editor, title, and possibly a booktitle)
@INcollection{KA:2001,
 author = {Kong, Wei-Chang},
 Title = {The implementation of electronic commerce in SMEs in Singapore (as Incoll)},
 booktitle = {E-commerce and cultural values},
 year = {2001},
 isbn = {1-59140-056-2},
 pages = {51--74},
 numpages = {24},
 url = {http://portal.acm.org/citation.cfm?id=887006.887010},
 acmid = {887010},
 publisher = {IGI Publishing},
 address = {Hershey, PA, USA},
}


% with bibfield 'type' before chapter (note no editor)
@INBOOK{KAGM:2001,
 author = {Kong, Wei-Chang},
 type = {Name of Chapter:},
 chapter = {The implementation of electronic commerce in SMEs in Singapore (Inbook-w-chap-w-type)},
 title = {E-commerce and cultural values},
 year = {2001},
 isbn = {1-59140-056-2},
 pages = {51--74},
 numpages = {24},
 url = {http://portal.acm.org/citation.cfm?id=887006.887010},
 acmid = {887010},
 publisher = {IGI Publishing},
 address = {Hershey, PA, USA},
}

%%% Notes! This is because the atsign-INBOOK citation type specifies EITHER
%%% editor or author, but not both. In my experiments with the harvard/dcu
%%% bibtex style (and presumably this applies to other styles too), bibtex
%%% ignores the editor information if author information exists in an
%%% atsign-INBOOK entry. atsign-INCOLLECTION is far more commonly used in my references,
%%% and in the absence of an editor I believe most bibtex styles will just
%%% ommit the editor from the reference - the chapter information will not
%%% end up in the in-text citation as you suggest it should be but at least
%%% there is a place to put the editor if necessary.



% was 'Inbook' -- changed to incollection - (editor is different to author) - need to tell Asad to codify as such.
@incollection{Kong:2002:IEC:887006.887010,
  author =      {Kong, Wei-Chang},
  editor =      {Theerasak Thanasankit},
  title =       {Chapter 9},
  booktitle =   {E-commerce and cultural values (Incoll-w-text (chap 9) 'title')},
  year =        {2002},
  address =     {Hershey, PA, USA},
  publisher =   {IGI Publishing},
  url =         {http://portal.acm.org/citation.cfm?id=887006.887010},
  pages =       {51--74},
  numpages =    {24},
  acmid =       {887010},
  isbn =        {1-59140-056-2},
  number =      "",
  type =        "",
  month =       "",
  note =        "",
}

% incol when the chapter is 'text' - due to presence of editor (different to author)
@incollection{Kong:2003:IEC:887006.887011,
 author = {Kong, Wei-Chang},
 title = {The implementation of electronic commerce in SMEs in Singapore (Incoll)},
 booktitle = {E-commerce and cultural values},
 editor = {Thanasankit, Theerasak},
 year = {2003},
 isbn = {1-59140-056-2},
 pages = {51--74},
 numpages = {24},
 url = {http://portal.acm.org/citation.cfm?id=887006.887010},
 acmid = {887010},
 publisher = {IGI Publishing},
 address = {Hershey, PA, USA},
}

% ------ test
%incollection{Kong:2003:IEC:887006.887010,
% author = {Kong, Wei-Chang},
% chapter = {The implementation of electronic commerce in SMEs in Singapore (Incoll-text-in-chap)},
% booktitle = {booktitle E-commerce and cultural values},
% title =   {The title},
% editor = {Thanasankit, Theerasak},
% year = {2003},
% isbn = {1-59140-056-2},
% pages = {51--74},
% numpages = {24},
% url = {http://portal.acm.org/citation.cfm?id=887006.887010},
% acmid = {887010},
% publisher = {IGI Publishing},
% address = {Hershey, PA, USA},
%}


% ---------





% Need inbook with num in chapter

% and inbook with number in chapter
@InBook{Kong:2004:IEC:123456.887010,
  author =      {Kong, Wei-Chang},
  editor =      {Theerasak Thanasankit},
  title =       {E-commerce and cultural values - (InBook-num-in-chap)},
  chapter =     {9},
  year =        {2004},
  address =     {Hershey, PA, USA},
  publisher =   {IGI Publishing},
  url =         {http://portal.acm.org/citation.cfm?id=887006.887010},
  pages =       {51--74},
  numpages =    {24},
  acmid =       {887010},
  isbn =        {1-59140-056-2},
  number =      "",
  type =        "",
  month =       "",
  note =        "",
}


% and inbook with text in chapter
@Inbook{Kong:2005:IEC:887006.887010,
  author =      {Kong, Wei-Chang},
  editor =      {Theerasak Thanasankit},
  title =       {E-commerce and cultural values (Inbook-text-in-chap)},
  chapter =     {The implementation of electronic commerce in SMEs in Singapore},
  year =        {2005},
  address =     {Hershey, PA, USA},
  publisher =   {IGI Publishing},
  url =         {http://portal.acm.org/citation.cfm?id=887006.887010},
  type =        {Chapter:},
  pages =       {51--74},
  numpages =    {24},
  acmid =       {887010},
  isbn =        {1-59140-056-2},
  number =      "",
  month =       "",
  note =        "",
}


% and inbook with a num and type field
@Inbook{Kong:2006:IEC:887006.887010,
  author =      {Kong, Wei-Chang},
  editor =      {Theerasak Thanasankit},
  title =       {E-commerce and cultural values (Inbook-num chap)},
  chapter =     {22},
  year =        {2006},
  address =     {Hershey, PA, USA},
  publisher =   {IGI Publishing},
  url =         {http://portal.acm.org/citation.cfm?id=887006.887010},
  type =        {Chapter (in type field)},
  pages =       {51--74},
  numpages =    {24},
  acmid =       {887010},
  isbn =        {1-59140-056-2},
  number =      "",
  month =       "",
  note =        "",
}


% and incol coz we have a BLANK chapter - due to presence of editor
%atIncollection{Kong:2006:IEC:887006.887011,
%  author =     {Kong, Wei-Chang},
%  editor =     {Theerasak Thanasankit},
%  title =      "The title"
%  booktitle =  {E-commerce and cultural values (Incol-coz-blank-chap)},
%  year =       {2006},
%  address =    {Hershey, PA, USA},
%  publisher =  {IGI Publishing},
%  url =        {http://portal.acm.org/citation.cfm?id=887006.887010},
%  type =       {Type!},
%  chapter =    {},
%  pages =      {51--74},
%  numpages =   {24},
%  acmid =      {887010},
%  isbn =       {1-59140-056-2},
%  number =     "",
%  month =      "",
%  note =       "",
%}

@article{SaeediMEJ10,
            author = {Mehdi Saeedi and Morteza Saheb Zamani and Mehdi Sedighi},
            title = {A library-based synthesis methodology for reversible logic},
            journal = {Microelectron. J.},
            volume = {41},
            number = {4},
            month = apr,
            year = {2010},
            pages = {185--194},
}

@ARTICLE{SaeediJETC10,
            author = {Mehdi Saeedi and Morteza Saheb Zamani and Mehdi Sedighi and Zahra Sasanian},
            title = {Synthesis of Reversible Circuit Using Cycle-Based Approach},
            journal = {J. Emerg. Technol. Comput. Syst.},
            volume = {6},
            number = {4},
            month = dec,
            year = {2010}
            }

% Asad's new version
@article{Kirschmer:2010:AEI:1958016.1958018,
 author = {Kirschmer, Markus and Voight, John},
 title = {Algorithmic Enumeration of Ideal Classes for Quaternion Orders},
 journal = {SIAM J. Comput.},
 issue_date = {January 2010},
 volume = {39},
 number = {5},
 month = jan,
 year = {2010},
 issn = {0097-5397},
 pages = {1714--1747},
 numpages = {34},
 url = {http://dx.doi.org/10.1137/080734467},
 doi = {https://doi.org/10.1137/080734467},
 acmid = {1958018},
 publisher = {Society for Industrial and Applied Mathematics},
 address = {Philadelphia, PA, USA},
 keywords = {ideal classes, maximal orders, number theory, quaternion algebras},
}


% incol due to presence of booktitle
@incollection{Hoare:1972:CIN:1243380.1243382,
 author = {Hoare, C. A. R.},
 title = {Chapter II: Notes on data structuring},
 booktitle = {Structured programming (incoll)},
 editor = {Dahl, O. J. and Dijkstra, E. W. and Hoare, C. A. R.},
 year = {1972},
 isbn = {0-12-200550-3},
 pages = {83--174},
 numpages = {92},
 url = {http://portal.acm.org/citation.cfm?id=1243380.1243382},
 acmid = {1243382},
 publisher = {Academic Press Ltd.},
 address = {London, UK, UK},
}

% incol due to presence of booktitle
@incollection{Lee:1978:TQA:800025.1198348,
 author = {Lee, Jan},
 title = {Transcript of question and answer session},
 booktitle = {History of programming languages I (incoll)},
 editor = {Wexelblat, Richard L.},
 year = {1981},
 isbn = {0-12-745040-8},
 pages = {68--71},
 numpages = {4},
 url = {http://doi.acm.org/10.1145/800025.1198348},
 doi = {http://doi.acm.org/10.1145/800025.1198348},
 acmid = {1198348},
 publisher = {ACM},
 address = {New York, NY, USA},
}

% incol due to booktitle
@incollection{Dijkstra:1979:GSC:1241515.1241518,
 author = {Dijkstra, E.},
 title = {Go to statement considered harmful},
 booktitle = {Classics in software engineering (incoll)},
 year = {1979},
 isbn = {0-917072-14-6},
 pages = {27--33},
 numpages = {7},
 url = {http://portal.acm.org/citation.cfm?id=1241515.1241518},
 acmid = {1241518},
 publisher = {Yourdon Press},
 address = {Upper Saddle River, NJ, USA},
}

% incol due to booktitle
@incollection{Wenzel:1992:TVA:146022.146089,
 author = {Wenzel, Elizabeth M.},
 title = {Three-dimensional virtual acoustic displays},
 booktitle = {Multimedia interface design (incoll)},
 year = {1992},
 isbn = {0-201-54981-6},
 pages = {257--288},
 numpages = {32},
 url = {http://portal.acm.org/citation.cfm?id=146022.146089},
 doi = {10.1145/146022.146089},
 acmid = {146089},
 publisher = {ACM},
 address = {New York, NY, USA},
}

% incol due to booktitle
@incollection{Mumford:1987:MES:54905.54911,
 author = {Mumford, E.},
 title = {Managerial expert systems and organizational change: some critical research issues},
 booktitle = {Critical issues in information systems research (incoll)},
 year = {1987},
 isbn = {0-471-91281-6},
 pages = {135--155},
 numpages = {21},
 url = {http://portal.acm.org/citation.cfm?id=54905.54911},
 acmid = {54911},
 publisher = {John Wiley \& Sons, Inc.},
 address = {New York, NY, USA},
}

@book{McCracken:1990:SSC:575315,
 author = {McCracken, Daniel D. and Golden, Donald G.},
 title = {Simplified Structured COBOL with Microsoft/MicroFocus COBOL},
 year = {1990},
 isbn = {0471514071},
 publisher = {John Wiley \& Sons, Inc.},
 address = {New York, NY, USA},
}

% Let's include Boris / BBeeton entries  (multi-volume works)

@book {MR781537,
    AUTHOR = {H{\"o}rmander, Lars},
     TITLE = {The analysis of linear partial differential operators. {III}},
    SERIES = {Grundlehren der Mathematischen Wissenschaften [Fundamental
              Principles of Mathematical Sciences]},
    VOLUME = {275},
      NOTE = {Pseudodifferential operators},
PUBLISHER = {Springer-Verlag},
   ADDRESS = {Berlin, Germany},
      YEAR = {1985},
     PAGES = {viii+525},
      ISBN = {3-540-13828-5},
   MRCLASS = {35-02 (35Sxx 47G05 58G15)},
  MRNUMBER = {781536 (87d:35002a)},
MRREVIEWER = {Min You Qi},
}

@book {MR781536,
    AUTHOR = {H{\"o}rmander, Lars},
     TITLE = {The analysis of linear partial differential operators. {IV}},
    SERIES = {Grundlehren der Mathematischen Wissenschaften [Fundamental
              Principles of Mathematical Sciences]},
    VOLUME = {275},
      NOTE = {Fourier integral operators},
PUBLISHER = {Springer-Verlag},
   ADDRESS = {Berlin, Germany},
      YEAR = {1985},
     PAGES = {vii+352},
      ISBN = {3-540-13829-3},
   MRCLASS = {35-02 (35Sxx 47G05 58G15)},
  MRNUMBER = {781537 (87d:35002b)},
MRREVIEWER = {Min You Qi},
}

%%%%%%%%%%%%%%%%%%%%%% Start of Aptara sample bib entries

% acmsmall-sam.bib
@InProceedings{Adya-01,
  author        = {A. Adya and P. Bahl and J. Padhye and A.Wolman and L. Zhou},
  title         = {A multi-radio unification protocol for {IEEE} 802.11 wireless networks},
  booktitle     = {Proceedings of the IEEE 1st International Conference on Broadnets Networks (BroadNets'04)},
  publisher     = "IEEE",
  address       = "Los Alamitos, CA",
  year          = {2004},
  pages         = "210--217"
}

@article{Akyildiz-01,
  author        = {I. F. Akyildiz and W. Su and Y. Sankarasubramaniam and E. Cayirci},
  title         = {Wireless Sensor Networks: A Survey},
  journal       = {Comm. ACM},
  volume        = 38,
  number        = "4",
  year          = {2002},
  pages         = "393--422"
}

@article{Akyildiz-02,
  author        = {I. F. Akyildiz and T. Melodia and K. R. Chowdhury},
  title         = {A Survey on Wireless Multimedia Sensor Networks},
  journal       = {Computer Netw.},
  volume        = 51,
  number        = "4",
  year          = {2007},
  pages         = "921--960"
}

@InProceedings{Bahl-02,
  author        = {P. Bahl and R. Chancre and J. Dungeon},
  title         = {{SSCH}: Slotted Seeded Channel Hopping for Capacity Improvement in {IEEE} 802.11 Ad-Hoc Wireless Networks},
  booktitle     = {Proceeding of the 10th International Conference on Mobile Computing and Networking (MobiCom'04)},
  publisher     = "ACM",
  address       = "New York, NY",
  year          = {2004},
  pages         = "112--117"
}

@misc{CROSSBOW,
  key       = {CROSSBOW},
  title     = {{XBOW} Sensor Motes Specifications},
  note      = {http://www.xbow.com},
  year      = 2008
}

@article{Culler-01,
  author        = {D. Culler and D. Estrin and M. Srivastava},
  title         = {Overview of Sensor Networks},
  journal       = {IEEE Comput.},
  volume        = 37,
  number        = "8 (Special Issue on Sensor Networks)",
  publisher     = "IEEE",
  address       = "Los Alamitos, CA",
  year          = {2004},
  pages         = "41--49"
}

@misc{Harvard-01,
    key         = {Harvard CodeBlue},
    title       = {{CodeBlue}: Sensor Networks for Medical Care},
    note        = {http://www.eecs.harvard.edu/mdw/ proj/codeblue/},
    year        = 2008
}

@InProceedings{Natarajan-01,
    author      = {A. Natarajan and M. Motani and B. de Silva and K. Yap and K. C. Chua},
    title       = {Investigating Network Architectures for Body Sensor Networks},
    booktitle   = {Network Architectures},
    editor      = {G. Whitcomb and P. Neece},
    publisher   = "Keleuven Press",
    address     = "Dayton, OH",
    year        = {2007},
    pages       = "322--328",
    eprint      = "960935712",
    primaryclass = "cs",
}

@techreport{Tzamaloukas-01,
  author        = {A. Tzamaloukas and J. J. Garcia-Luna-Aceves},
  title         = {Channel-Hopping Multiple Access},
  number =        {I-CA2301},
  institution =   {Department of Computer Science, University of California},
  address =       {Berkeley, CA},
  year          = {2000}
}

@BOOK{Zhou-06,
  author        = {G. Zhou and J. Lu and C.-Y. Wan and M. D. Yarvis and J. A. Stankovic},
  title         = {Body Sensor Networks},
  publisher     = "MIT Press",
  address       = "Cambridge, MA",
  year          = {2008}
}

@mastersthesis{ko94,
author = "Jacob Kornerup",
title = "Mapping Powerlists onto Hypercubes",
school = "The University of Texas at Austin",
note = "(In preparation)",
year = "1994"}
%month = "dec",}

@PhdThesis{gerndt:89,
  author =       "Michael Gerndt",
  title =        "Automatic Parallelization for Distributed-Memory
                  Multiprocessing Systems",
  school =       "University of Bonn",
  year =         1989,
  address =      "Bonn, Germany",
  month =        dec
}

@article{6:1:1,
author = "J. E. {Archer, Jr.} and R. Conway and F. B. Schneider",
title = "User recovery and reversal in interactive systems",
journal = "ACM Trans. Program. Lang. Syst.",
volume =  "6",
number = "1",
month = jan,
year = 1984,
pages = "1--19"}

@article{7:1:137,
author = "D. D. Dunlop and V. R. Basili",
title = "Generalizing specifications for uniformly implemented loops",
journal = "ACM Trans. Program. Lang. Syst.",
volume =  "7",
number = "1",
month = jan,
year = 1985,
pages = "137--158"}

@article{7:2:183,
author = "J. Heering and P. Klint",
title = "Towards monolingual programming environments",
journal = "ACM Trans. Program. Lang. Syst.",
volume =  "7",
number = "2",
month = apr,
year = 1985,
pages = "183--213"}

@book{knuth:texbook,
author = "Donald E. Knuth",
title = "The {\TeX{}book}",
publisher = "Addison-Wesley",
address = "Reading, MA.",
year = 1984}

@article{6:3:380,
author = "E. Korach and D.  Rotem and N. Santoro",
title = "Distributed algorithms for finding centers and medians in networks",
journal = "ACM Trans. Program. Lang. Syst.",
volume =  "6",
number = "3",
month = jul,
year = 1984,
pages = "380--401"}

@book{lamport:latex,
author = "Leslie Lamport",
title = "\it {\LaTeX}: A Document Preparation System",
publisher = "Addison-Wesley",
address = "Reading, MA.",
year = 1986}

@article{7:3:359,
author = "F. Nielson",
title = "Program transformations in a denotational setting",
journal = "ACM Trans. Program. Lang. Syst.",
volume =  "7",
number = "3",
month = jul,
year = 1985,
pages = "359--379"}

%testing
@BOOK{test,
   author = "Donald E. Knuth",
   title = "Seminumerical Algorithms",
   volume = 2,
   series = "The Art of Computer Programming",
   publisher = "Addison-Wesley",
   address = "Reading, MA",
   edition = "2nd",
   month = "10~" # jan,
   year = "1981",
}

@inproceedings{reid:scribe,
author = "Brian K. Reid",
title = "A high-level approach to computer document formatting",
booktitle = "Proceedings of the 7th Annual Symposium on Principles of
  Programming Languages",
month = jan,
year = 1980,
publisher = "ACM",
address = "New York",
pages = "24--31"}

@article{Zhou:2010:MMS:1721695.1721705,
 author = {Zhou, Gang and Wu, Yafeng and Yan, Ting and He, Tian and Huang, Chengdu and Stankovic, John A. and Abdelzaher, Tarek F.},
 title = {A multifrequency MAC specially designed for wireless sensor network applications},
 journal = {ACM Trans. Embed. Comput. Syst.},
 issue_date = {March 2010},
 volume = 9,
 number = 4,
 month = {April},
 year = 2010,
 issn = {1539-9087},
 pages = {39:1--39:41},
 articleno = 39,
 numpages = 41,
 url = {http://doi.acm.org/10.1145/1721695.1721705},
 doi = {10.1145/1721695.1721705},
 acmid = 1721705,
 publisher = {ACM},
 address = {New York, NY, USA},
 keywords = {Wireless sensor networks, media access control, multi-channel, radio interference, time synchronization},
}


@online{TUGInstmem,
  key =          {TUG},
  year  =        2017,
  title =        "Institutional members of the {\TeX} Users Group",
  url =          "http://wwtug.org/instmem.html",
  lastaccessed = "May 27, 2017",
}

@online{CTANacmart,
  author =    {Boris Veytsman},
  title =  {acmart---{C}lass for typesetting publications of {ACM}},
  url =    {http://www.ctan.org/pkg/acmart},
  lastaccessed = {May 27, 2017}
  }

@ARTICLE{bowman:reasoning,
    author = {Bowman, Mic and Debray, Saumya K. and Peterson, Larry L.},
    title = {Reasoning About Naming Systems},
    journal = {ACM Trans. Program. Lang. Syst.},
    volume = {15},
    number = {5},
    pages = {795-825},
    month = {November},
    year = {1993},
    doi = {10.1145/161468.161471},
}

@ARTICLE{braams:babel,
    author = {Braams, Johannes},
    title = {Babel, a Multilingual Style-Option System for Use with LaTeX's Standard Document Styles},
    journal = {TUGboat},
    volume = {12},
    number = {2},
    pages = {291-301},
    month = {June},
    year = {1991},
}

@INPROCEEDINGS{clark:pct,
  AUTHOR = "Malcolm Clark",
  TITLE = "Post Congress Tristesse",
  BOOKTITLE = "TeX90 Conference Proceedings",
  PAGES = "84-89",
  ORGANIZATION = "TeX Users Group",
  MONTH = "March",
  YEAR = {1991}
}

@ARTICLE{herlihy:methodology,
    author = {Herlihy, Maurice},
    title = {A Methodology for Implementing Highly Concurrent Data Objects},
    journal = {ACM Trans. Program. Lang. Syst.},
    volume = {15},
    number = {5},
    pages = {745-770},
    month = {November},
    year = {1993},
    doi = {10.1145/161468.161469},
}

@BOOK{salas:calculus,
  AUTHOR = "S.L. Salas and Einar Hille",
  TITLE = "Calculus: One and Several Variable",
  PUBLISHER = "John Wiley and Sons",
  ADDRESS = "New York",
  YEAR = "1978"
}

@MANUAL{Fear05,
  title =        {Publication quality tables in {\LaTeX}},
  author =       {Simon Fear},
  month =        {April},
  year =         2005,
  note =         {\url{http://www.ctan.org/pkg/booktabs}}
}

@Manual{Amsthm15,
  title =        {Using the amsthm Package},
  organization = {American Mathematical Society},
  month =        {April},
  year =         2015,
  note =         {\url{http://www.ctan.org/pkg/amsthm}}
}

@ArtifactSoftware{R,
    title = {R: A Language and Environment for Statistical Computing},
    author = {{R Core Team}},
    organization = {R Foundation for Statistical Computing},
    address = {Vienna, Austria},
    year = {2019},
    url = {https://www.R-project.org/},
}

@ArtifactDataset{UMassCitations,
 author    =  {Sam Anzaroot and Andrew McCallum},
 title     =  {{UMass} Citation Field Extraction Dataset},
 year      = 2013,
 url       =
    {http://www.iesl.cs.umass.edu/data/data-umasscitationfield},
 lastaccessed = {May 27, 2019}
}

@article{diefenbach_counterproductive_2019,
	title = {Counterproductive effects of gamification: An analysis on the example of the gamified task manager Habitica},
	volume = {127},
	issn = {1071-5819},
	url = {https://www.sciencedirect.com/science/article/pii/S1071581918305135},
	doi = {10.1016/j.ijhcs.2018.09.004},
	series = {Strengthening gamification studies: critical challenges and new opportunities},
	shorttitle = {Counterproductive effects of gamification},
	abstract = {The concept of gamification has evoked increasing attention in {HCI} research and practice. Gamification uses game elements in serious, non-game contexts in order to motivate a particular target behavior or attitude change (e.g., sustainable behavior, physical activity, task management). While gamification has been attributed a high potential, a critical question is whether it actually induces the intended effect. The present research explores ``counterproductive effects of gamification'', i.e., cases when a gamification element does not encourage the intended behavior but rather the opposite (e.g., procrastination instead of getting things done). Studying the example of the gamified task manager Habitica, our paper reports insights from two consecutive studies. Study 1, a qualitative interview study based on interpretative phenomenological analysis ({IPA}) with one single user revealed seven themes describing distinct counterproductive effects in Habitica, and additional seven themes related to Habitica's reward/punishment system and psychological reactions to counterproductive effects. Study 2 further explored these findings in a quantitative field study with 45 users over a two-week usage period, also studying correlations to user experience, product evaluation, motivation to play Habitica and individual belief in gamification. All participants experienced counterproductive effects to some degree, whereby some effects (e.g., being punished by Habitica in especially productive times, since one does not manage to check off tasks in time) were more prevalent than others (e.g., relabeling tasks as positive habits with no due date to prevent the risk of punishments). The prevalence of counterproductive effects was correlated to the users' perceived inappropriateness of the reward system, and a crucial predictor for motivation change over time. Relations to psychological mechanisms, general implications for gamification design and future research directions are discussed.},
	pages = {190--210},
	journaltitle = {International Journal of Human-Computer Studies},
	shortjournal = {International Journal of Human-Computer Studies},
	author = {Diefenbach, Sarah and Müssig, Annemarie},
	urldate = {2023-11-09},
	date = {2019-07-01},
	keywords = {Gamification, Motivation, Counterproductive effects, Design implications, Task management, User experience},
	file = {ScienceDirect Snapshot:C\:\\Users\\nicka\\Zotero\\storage\\JDHPZWL9\\S1071581918305135.html:text/html},
}

@incollection{witt_boundaries_2017,
	location = {Cham},
	title = {Boundaries of Open Innovation and Games},
	isbn = {978-3-319-45557-0},
	url = {https://doi.org/10.1007/978-3-319-45557-0_6},
	series = {Progress in {IS}},
	abstract = {Over the past decade, systems that are used to support the early phases of the innovation process have evolved from simple suggestion boxes to sophisticated social media platforms for the development and refinement of ideas. Organisations who want to profit from the use of these platforms face the following two significant and interconnected challenges: First, organisations have to motivate (groups of) individuals to participate, and they must place them in a state of high involvement and flow. Second, organisations must inspire individuals in order to generate creative output. One activity that leads to high motivation, to a feeling of flow and involvement, and to creative output, is play. This chapter focuses on the question of how to design social media based on open innovation tools to harness the potential of play by applying game mechanics to innovation management. It is argued that there are two possibilities: either enriching open innovation tools with game mechanics (gamification) or adjusting a multiplayer online game to the purpose of ideation (online ideation game). This chapter sheds light on these two possibilities and gives practical implications for implementation. The first section of this chapter describes how specific game mechanics can be implemented in social media based on open innovation tools. The second section of this chapter illustrates a number of online ideation games that have recently been applied and shows how the previous described game mechanics can also serve as building blocks for those games. The third section of this chapter gives managers key lessons at hand who strive to apply game mechanics to innovation management. The key lessons relate to (1) the planning and design phase and (2) the introduction and operation phase of a gamified open innovation tool or an online ideation game.},
	pages = {77--91},
	booktitle = {Gamification: Using Game Elements in Serious Contexts},
	publisher = {Springer International Publishing},
	author = {Witt, Maximilian},
	editor = {Stieglitz, Stefan and Lattemann, Christoph and Robra-Bissantz, Susanne and Zarnekow, Rüdiger and Brockmann, Tobias},
	urldate = {2023-11-09},
	date = {2017},
	langid = {english},
	doi = {10.1007/978-3-319-45557-0_6},
	keywords = {Game Mechanic, Innovation Management, Operation Phase, Ranking List, Social Media Platform},
	file = {Full Text PDF:C\:\\Users\\nicka\\Zotero\\storage\\9Y5NZU5B\\Witt - 2017 - Boundaries of Open Innovation and Games.pdf:application/pdf},
}


@incollection{fischer_gamifizierung_2017,
	location = {Wiesbaden},
	title = {Die Gamifizierung der Hochschullehre – Potenziale und Herausforderungen},
	isbn = {978-3-658-16742-4},
	url = {https://doi.org/10.1007/978-3-658-16742-4_9},
	series = {Edition {HMD}},
	abstract = {Punkte, Abzeichen, Bestenlisten – und schon fällt der Begriff der Gamifizierung. Die fortschreitende Digitalisierung vereinfacht den Einsatz sogenannter Spielelemente in der akademischen Bildung erheblich. Dabei bietet der Trend der Humifizierung neben Punkten, Abzeichen und Ranglisten viele niedrigschwellige und technisch wenig aufwendige Möglichkeiten der Lernmotivationssteigerung. Gamifizierung – verstanden als Designstrategie – kann helfen, motivations- und partizipationsförderliche Lernumgebungen an Hochschulen zu kreieren, in denen Studierende berufliche Kompetenzen individuell oder gemeinsam aufbauen können. Dafür muss die Gamifizierung pädagogischen Prinzipien folgen. Der vorliegende Beitrag thematisiert dies und setzt sich mit der Idee der Gamifizierung, den wesentlichen Merkmalen von Spielen und deren Potenzialen für das Lernen und Lehren in der Hochschule auseinander. Zur Verdeutlichung dessen werden hochschulische Entwicklungstendenzen wie die Anregung der Studienmotivation, vertiefendes Lernen und Senkung der Abbrecherzahlen fokussiert. Abschließend werden praktische Umsetzungsbeispiele und deren Effekte für das Lernen in der Hochschule aufgezeigt.},
	pages = {113--125},
	booktitle = {Gamification und Serious Games : Grundlagen, Vorgehen und Anwendungen},
	publisher = {Springer Fachmedien},
	author = {Fischer, Helge and Heinz, Matthias and Schlenker, Lars and Münster, Sander and Follert, Fabiane and Köhler, Thomas},
	editor = {Strahringer, Susanne and Leyh, Christian},
	urldate = {2023-11-09},
	date = {2017},
	langid = {german},
	doi = {10.1007/978-3-658-16742-4_9},
	keywords = {Digitalisierung, Gamifizierung, Hochschulentwicklung, Hochschullehre, Lernmotivation},
	file = {Full Text PDF:C\:\\Users\\nicka\\Zotero\\storage\\Y3MDXUP4\\Fischer et al. - 2017 - Die Gamifizierung der Hochschullehre – Potenziale .pdf:application/pdf},
}


@article{nadeem_effect_2023,
	title = {Effect of Digital Game-Based Learning on Student Engagement and Motivation},
	volume = {12},
	rights = {http://creativecommons.org/licenses/by/3.0/},
	issn = {2073-431X},
	url = {https://www.mdpi.com/2073-431X/12/9/177},
	doi = {10.3390/computers12090177},
	abstract = {Currently, academia is grappling with a significant problem—a lack of engagement. Humankind has gone too far into exploring entertainment options, while the education system has not really kept up. Millennials love playing games, and this addiction can be used to engage and motivate them in the learning process. This study examines the effect of digital game-based learning on student engagement and motivation levels and the gender differences in online learning settings. This study was conducted in two distinct phases. A game-based and traditional online quizzing tools were used to compare levels of engagement and motivation, as well as to assess the additional parameter of gender difference. During the first phase of the study, 276 male and female undergraduate students were recruited from Sophomore Seminar classes, and 101 participated in the survey, of which 83 were male and 18 were female. In the second phase, 126 participants were recruited, of which 107 (63 females and 44 males) participated in the anonymous feedback surveys. The results revealed that digital game-based learning has a more positive impact on student engagement and motivation compared to traditional online activities. The incorporation of a leaderboard as a gaming element in the study was found to positively impact the academic performance of certain students, but it could also demotivate some students. Furthermore, female students generally showed a slightly higher level of enjoyment toward the games compared to male students, but they did not prefer a comparison with other students as much as male students did. The favorable response from students toward digital game-based activities indicates that enhancing instruction with such activities will not only make learning an enjoyable experience for learners but also enhance their engagement.},
	pages = {177},
	number = {9},
	journaltitle = {Computers},
	author = {Nadeem, Muhammad and Oroszlanyova, Melinda and Farag, Wael},
	urldate = {2023-11-17},
	date = {2023-09},
	langid = {english},
	note = {Number: 9
Publisher: Multidisciplinary Digital Publishing Institute},
	keywords = {digital game-based learning, emerging technologies, engagement, gamification, leaderboard, motivation, pedagogy design},
	file = {Full Text PDF:C\:\\Users\\nicka\\Zotero\\storage\\IGMPEZFN\\Nadeem et al. - 2023 - Effect of Digital Game-Based Learning on Student E.pdf:application/pdf},
}


@incollection{schmidt_vorgehensmodell_2017,
	location = {Wiesbaden},
	title = {Ein Vorgehensmodell für angewandte Spielformen},
	isbn = {978-3-658-16742-4},
	url = {https://doi.org/10.1007/978-3-658-16742-4_2},
	series = {Edition {HMD}},
	abstract = {Gamification zählt zu den vielversprechenden Ansätzen angewandter Spielformen. Als Ziel wird die erfolgreiche Übertragung positiver Eigenschaften digitaler Spiele, wie Motivation und Engagement, auf einen anderen Nutzungskontext verstanden. Potenziell erreicht wird dieses Ziel durch eine Konzentration auf das Nutzererleben und die Integration von Spielelementen in den Gegenstand der Betrachtung, beispielsweise eine Softwareanwendung.},
	pages = {15--29},
	booktitle = {Gamification und Serious Games : Grundlagen, Vorgehen und Anwendungen},
	publisher = {Springer Fachmedien},
	author = {Schmidt, Ralf and Brosius, Christoph and Herrmanny, Katja},
	editor = {Strahringer, Susanne and Leyh, Christian},
	urldate = {2023-11-09},
	date = {2017},
	langid = {german},
	doi = {10.1007/978-3-658-16742-4_2},
	keywords = {Gamification, Applied Games, Design, Motivation, Nutzerzentrierung, Vorgehensmodell},
	file = {Full Text PDF:C\:\\Users\\nicka\\Zotero\\storage\\2LC5CXGB\\Schmidt et al. - 2017 - Ein Vorgehensmodell für angewandte Spielformen.pdf:application/pdf},
}


@incollection{faust_first_2021,
	location = {Wiesbaden},
	title = {First Experimental Study—Levels of Gamification},
	isbn = {978-3-658-35195-3},
	url = {https://doi.org/10.1007/978-3-658-35195-3_4},
	abstract = {In practice, gamification has become a popular method to foster desired psychological and behavioral outcomes such as motivation, engagement, and performance. There has been increasing interest among companies and institutions in the use of non-monetary incentive schemes across different branches. The worldwide gamification market was valued at {USD} 6.33 billion in 2019 and is expected to be worth {USD} 37.00 billion in 2027.},
	pages = {67--99},
	booktitle = {The Effects of Gamification on Motivation and Performance},
	publisher = {Springer Fachmedien},
	author = {Faust, Anna},
	editor = {Faust, Anna},
	urldate = {2023-11-09},
	date = {2021},
	langid = {english},
	doi = {10.1007/978-3-658-35195-3_4},
	file = {Full Text PDF:C\:\\Users\\nicka\\Zotero\\storage\\F9A5C55V\\Faust - 2021 - First Experimental Study—Levels of Gamification.pdf:application/pdf},
}


@incollection{eckardt_fuhren_2017,
	location = {Wiesbaden},
	title = {Führen Serious Games zu Lernerfolg? – Ein Vergleich zum Frontalunterricht},
	isbn = {978-3-658-16742-4},
	url = {https://doi.org/10.1007/978-3-658-16742-4_11},
	series = {Edition {HMD}},
	shorttitle = {Führen Serious Games zu Lernerfolg?},
	abstract = {Zum Alltag Jugendlicher und junger Erwachsener gehört heute das Spielen von elektronischen Video- oder Computerspielen auf Computern, Smartphones, Konsolen und ähnlichen Geräten. Während des Spielens erleben die Spielenden ein Flow-Erlebnis, welches die Konzentration steigert und Glücksmomente auslöst und so die Spielenden zum Weiterspielen animiert. Dieses Phänomen kann insbesondere im Schul- und Universitätsalltag zur Wissensvermittlung genutzt werden. Dies kann beispielsweise durch die Nutzung von Serious Games geschehen. Dabei handelt es sich überwiegend um Spiele mit einem Lernhintergrund, bei denen spieltypische Elemente eingesetzt werden. Dies soll ebenfalls zu einem Flow führen und damit einen größeren Lernerfolg erzielen. Unter diesen Gesichtspunkten wurde das Serious Game „Lost in Antarctica“ entwickelt, welches Fähigkeiten im Umgang mit Informationen vermittelt. In der vorliegenden Studie wird überprüft, ob sich die Teilnahme an einem Serious Game positiv auf den Lernerfolg im Vergleich zu klassischem Frontalunterricht auswirkt. Die Studie fand im Juni 2016 an der {TU} Braunschweig statt und es wurden Inhalte über die Internetrecherche in zwei Gruppen vermittelt, in der einen Gruppe durch Frontalunterricht und in der anderen Gruppe mittels „Lost in Antarctica“. Über Fragebögen wurden sowohl der direkte Wissensgewinn als auch die Motivation, der Spaß und die Zufriedenheit ermittelt. Die Datenerhebung wurde jeweils vor und nach der Veranstaltung durchgeführt, um Vergleichswerte zu haben. Die Ergebnisse zeigen, dass die Teilnahme an einem Serious Game den Lernerfolg positiv beeinflusst. Zudem war die Motivation, der Spaßfaktor und die Zufriedenheit bei der game-based Learning Methode höher als bei der Frontalunterrichtsmethode.},
	pages = {139--150},
	booktitle = {Gamification und Serious Games : Grundlagen, Vorgehen und Anwendungen},
	publisher = {Springer Fachmedien},
	author = {Eckardt, Linda and Körber, Steffen and Becht, Eva Johanna and Plath, Alexandra and Al Falah, Sharaf and Robra-Bissantz, Susanne},
	editor = {Strahringer, Susanne and Leyh, Christian},
	urldate = {2023-11-09},
	date = {2017},
	langid = {german},
	doi = {10.1007/978-3-658-16742-4_11},
	keywords = {Serious Games, Frontalunterricht, Game-based Learning, Lernerfolg, Universitätslehre},
	file = {Full Text PDF:C\:\\Users\\nicka\\Zotero\\storage\\5UUD7BQH\\Eckardt et al. - 2017 - Führen Serious Games zu Lernerfolg – Ein Vergleic.pdf:application/pdf},
}


@online{noauthor_funktionen_nodate,
	title = {Funktionen {\textbar} Habitica},
	url = {https://habitica.com/static/features},
	abstract = {Habitica is a free habit and productivity app that treats your real life like a game. Habitica can help you achieve your goals to become healthy and happy.},
	urldate = {2023-11-16},
	file = {Snapshot:C\:\\Users\\nicka\\Zotero\\storage\\QCLPB9CY\\features.html:text/html},
}


@incollection{jacob_game-based_2017,
	location = {Wiesbaden},
	title = {Game-Based Learning, Serious Games, Business Games und Gamification –Lernförderliche Anwendungsszenarien, gewonnene Erkenntnisse und Handlungsempfehlungen},
	isbn = {978-3-658-16742-4},
	url = {https://doi.org/10.1007/978-3-658-16742-4_8},
	series = {Edition {HMD}},
	abstract = {Im Beitrag werden die Begriffe Game-Based Learning, Serious Games, Business Games und Gamification analysiert, voneinander abgegrenzt und Rückschlüsse gezogen, in welchem Kontext der jeweilige Ansatz ein adäquates Mittel zur Vermittlung von Wissen oder zum Fördern gewünschter Verhaltensweisen darstellt. Game-Based Learning stellt ein grundlegendes Prinzip dar. Lerninhalte werden hierbei auf Basis eines Spiels oder einer Simulation vermittelt. Umgesetzt wird dieses Prinzip in Serious Games bzw. in Business Games, die eine abgrenzbare Teilmenge der Serious Games darstellen. Gamification ist ein dem Game-Based Learning ähnliches, aber doch abgrenzbares Grundprinzip. Bei Gamification soll Lernen nicht auf Basis eines Spiels, sondern durch Elemente eines Spiels erfolgen. Dieser Unterschied scheint auf den ersten Blick marginal, hat aber weitreichende Konsequenzen.},
	pages = {97--112},
	booktitle = {Gamification und Serious Games : Grundlagen, Vorgehen und Anwendungen},
	publisher = {Springer Fachmedien},
	author = {Jacob, Axel and Teuteberg, Frank},
	editor = {Strahringer, Susanne and Leyh, Christian},
	urldate = {2023-11-09},
	date = {2017},
	langid = {german},
	doi = {10.1007/978-3-658-16742-4_8},
	keywords = {Business Games, Game-Based Learning, Gamification, Serious Games, Use Case},
	file = {Full Text PDF:C\:\\Users\\nicka\\Zotero\\storage\\58QC4BS9\\Jacob und Teuteberg - 2017 - Game-Based Learning, Serious Games, Business Games.pdf:application/pdf},
}


@incollection{eckardt_gameducation_2017,
	location = {Wiesbaden},
	title = {{GamEducation} – Spielelemente in der Universitätslehre},
	isbn = {978-3-658-16742-4},
	url = {https://doi.org/10.1007/978-3-658-16742-4_10},
	series = {Edition {HMD}},
	abstract = {Spielerisches Erlernen von Fähigkeiten ist während des Heranwachsens eines Menschen, insbesondere im Kleinkindalter, ein wichtiger Bestandteil. Allerdings verändert sich das Verständnis des Lernens im Jugendalter von einem Lernen auf spielerische Art und Weise zu einer Auffassung des Lernens als ernsthafte Angelegenheit. Die Anwendung von Gamification kann dem entgegenwirken. In dem vorliegenden Beitrag berichten wir von dem Projekt „{GamEducation}“, welches innerhalb der Lehrveranstaltung „Kooperationen im E-Business“ erstmals im Wintersemester 2012/2013 durchgeführt wurde und den Einsatz von Spielelementen zur Unterstützung des Lernens beschreibt. Die Vermittlung von Vorlesungsinhalten wird durch eine Praxisaufgabe (Hintergrundgeschichte) begleitet, um den stetigen Transfer und die Anwendung des Vorlesungswissens zu ermöglichen. Die Studierenden sammeln in mehreren Challenges sowohl als Gruppe als auch einzeln Punkte. Darüber hinaus diskutieren die Studierenden Inhalte auf einem lehrveranstaltungsbegleitenden Blog und sehen die aktuelle Rangliste als Feedback auf die eigene Leistung. Seit der ersten Durchführung von {GamEducation} wurde regelmäßig evaluiert. Die Ergebnisse zeigen, dass das Lehrkonzept die Mehrheit der Studierenden dazu motiviert sich in deutlich höherem Maße zu beteiligen und die Anwendung des Vorlesungswissens dabei hilft, die Inhalte besser zu verstehen.},
	pages = {127--138},
	booktitle = {Gamification und Serious Games : Grundlagen, Vorgehen und Anwendungen},
	publisher = {Springer Fachmedien},
	author = {Eckardt, Linda and Siemon, Dominik and Robra-Bissantz, Susanne},
	editor = {Strahringer, Susanne and Leyh, Christian},
	urldate = {2023-11-09},
	date = {2017},
	langid = {german},
	doi = {10.1007/978-3-658-16742-4_10},
	keywords = {Gamification, Universitätslehre, Education, {GamEducation}, Spielelemente},
	file = {Full Text PDF:C\:\\Users\\nicka\\Zotero\\storage\\7ETJBY63\\Eckardt et al. - 2017 - GamEducation – Spielelemente in der Universitätsle.pdf:application/pdf},
}


@collection{stieglitz_gamification_2017,
	location = {Cham},
	title = {Gamification Stieglitz Progress in {IS}},
	isbn = {978-3-319-45555-6 978-3-319-45557-0},
	url = {http://link.springer.com/10.1007/978-3-319-45557-0},
	series = {Progress in {IS}},
	publisher = {Springer International Publishing},
	editor = {Stieglitz, Stefan and Lattemann, Christoph and Robra-Bissantz, Susanne and Zarnekow, Rüdiger and Brockmann, Tobias},
	urldate = {2023-11-09},
	date = {2017},
	doi = {10.1007/978-3-319-45557-0},
	keywords = {Customer retention, E-learning, Electronic learning, Gamification, Innovation management, M-learning, Mobile applications, Mobile learning, Serious gaming, Virtual worlds},
	file = {Full Text PDF:C\:\\Users\\nicka\\Zotero\\storage\\LGFCBTLK\\Stieglitz et al. - 2017 - Gamification.pdf:application/pdf},
}


@collection{strahringer_gamification_2017,
	location = {Wiesbaden},
	title = {Gamification und Serious Games: Grundlagen, Vorgehen und Anwendungen},
	isbn = {978-3-658-16741-7 978-3-658-16742-4},
	url = {http://link.springer.com/10.1007/978-3-658-16742-4},
	series = {Edition {HMD}},
	shorttitle = {Gamification und Serious Games},
	publisher = {Springer Fachmedien},
	editor = {Strahringer, Susanne and Leyh, Christian},
	urldate = {2023-11-09},
	date = {2017},
	langid = {german},
	doi = {10.1007/978-3-658-16742-4},
	keywords = {Gamification, Lernerfolg, {eLearning}, Spielelemente, Applied Games, angewandte Spielformen, Business Game, Business Simulation, Serious Game, Spielmechanik},
	file = {Full Text PDF:C\:\\Users\\nicka\\Zotero\\storage\\EVU6UJK5\\Strahringer und Leyh - 2017 - Gamification und Serious Games Grundlagen, Vorgeh.pdf:application/pdf},
}


@incollection{morschheuser_gamifizierung_2017,
	location = {Wiesbaden},
	title = {Gamifizierung mit {BPMN}},
	isbn = {978-3-658-16742-4},
	url = {https://doi.org/10.1007/978-3-658-16742-4_3},
	series = {Edition {HMD}},
	abstract = {Der Einsatz von Gamification zur Förderung der Motivation bei der Nutzung von Informationstechnologie gewinnt in den letzten Jahren stark an Bedeutung in Wissenschaft und Praxis. Die Planung und Integration von Gamification-Elementen in bestehende Geschäftsprozesse stellt hierbei eine große Herausforderung dar. Bisher existieren nur sehr wenige konkrete Notationen und Sprachen zur Dokumentation und Kommunikation von Gamification-Ansätzen. Dieser Beitrag stellt eine {BPMN}-Notationserweiterung und Prozessmuster für Gamification vor, die auf einer Analyse mehrerer Gamification-Beispiele beruhen. Die Anwendung des Ansatzes in der Praxis sowie die Evaluation durch eine Expertenbefragung zeigen auf, dass das Ergebnis ein Hilfsmittel zur Planung, Kommunikation und Dokumentation von Gamification-Vorhaben darstellt.},
	pages = {31--42},
	booktitle = {Gamification und Serious Games : Grundlagen, Vorgehen und Anwendungen},
	publisher = {Springer Fachmedien},
	author = {Morschheuser, Benedikt and Hrach, Christian and Alt, Rainer and Lefanczyk, Christoph},
	editor = {Strahringer, Susanne and Leyh, Christian},
	urldate = {2023-11-09},
	date = {2017},
	langid = {german},
	doi = {10.1007/978-3-658-16742-4_3},
	keywords = {Gamification, {BPMN}, Modellierung, Prozesse, Sprache},
	file = {Full Text PDF:C\:\\Users\\nicka\\Zotero\\storage\\ZS4S5AZM\\Morschheuser et al. - 2017 - Gamifizierung mit BPMN.pdf:application/pdf},
}


@online{sascheko_habit_2020,
	title = {Habit trackers battle: habitica.com vs list of paper},
	url = {https://medium.com/@nick.second/habitica-1cc6fd762505},
	shorttitle = {Habit trackers battle},
	abstract = {For success you need to monitor your progress regularly, and it is useful to have a convenient habits tracker at hand.},
	titleaddon = {Medium},
	author = {Sascheko, Nick},
	urldate = {2023-11-09},
	date = {2020-05-05},
	langid = {english},
	file = {Snapshot:C\:\\Users\\nicka\\Zotero\\storage\\VNPBDU54\\habitica-1cc6fd762505.html:text/html},
}


@article{sailer_how_2017,
	title = {How gamification motivates: An experimental study of the effects of specific game design elements on psychological need satisfaction},
	volume = {69},
	issn = {0747-5632},
	url = {https://www.sciencedirect.com/science/article/pii/S074756321630855X},
	doi = {10.1016/j.chb.2016.12.033},
	shorttitle = {How gamification motivates},
	abstract = {The main aim of gamification, i.e. the implementation of game design elements in real-world contexts for non-gaming purposes, is to foster human motivation and performance in regard to a given activity. Previous research, although not entirely conclusive, generally supports the hypothesis underlying this aim. However, previous studies have often treated gamification as a generic construct, neglecting the fact that there are many different game design elements which can result in very diverse applications. Based on a self-determination theory framework, we present the results of a randomized controlled study that used an online simulation environment. We deliberately varied different configurations of game design elements, and analysed them in regard to their effect on the fulfilment of basic psychological needs. Our results show that badges, leaderboards, and performance graphs positively affect competence need satisfaction, as well as perceived task meaningfulness, while avatars, meaningful stories, and teammates affect experiences of social relatedness. Perceived decision freedom, however, could not be affected as intended. We interpret these findings as general support for our main hypothesis that gamification is not effective per se, but that specific game design elements have specific psychological effects. Consequences for further research, in particular the importance of treatment checks, are discussed.},
	pages = {371--380},
	journaltitle = {Computers in Human Behavior},
	shortjournal = {Computers in Human Behavior},
	author = {Sailer, Michael and Hense, Jan Ulrich and Mayr, Sarah Katharina and Mandl, Heinz},
	urldate = {2023-11-09},
	date = {2017-04-01},
	keywords = {Gamification, Motivation, Game design elements, Psychological need satisfaction, Self-determination theory, Simulation},
	file = {ScienceDirect Full Text PDF:C\:\\Users\\nicka\\Zotero\\storage\\7TBWZ9LF\\Sailer et al. - 2017 - How gamification motivates An experimental study .pdf:application/pdf;ScienceDirect Snapshot:C\:\\Users\\nicka\\Zotero\\storage\\T5FKPHX8\\S074756321630855X.html:text/html},
}


@incollection{matallaoui_introduction_2017,
	location = {Cham},
	title = {Introduction to Gamification: Foundation and Underlying Theories},
	isbn = {978-3-319-45557-0},
	url = {https://doi.org/10.1007/978-3-319-45557-0_1},
	series = {Progress in {IS}},
	shorttitle = {Introduction to Gamification},
	abstract = {This introductory article provides basic definitions, concepts and theories surrounding gamification that are used throughout the remainder of this book. It distinguishes gamification from other research areas, such as gameful design and serious games. It then goes on to introduce common game mechanics, achievement systems, game dynamics and aesthetics. The second part of the article focusses on underlying theories. It examines the influence of motivation theory, achievement goal theory and flow theory on gamification. The article also describes different player archetypes.},
	pages = {3--18},
	booktitle = {Gamification: Using Game Elements in Serious Contexts},
	publisher = {Springer International Publishing},
	author = {Matallaoui, Amir and Hanner, Nicolai and Zarnekow, Rüdiger},
	editor = {Stieglitz, Stefan and Lattemann, Christoph and Robra-Bissantz, Susanne and Zarnekow, Rüdiger and Brockmann, Tobias},
	urldate = {2023-11-09},
	date = {2017},
	langid = {english},
	doi = {10.1007/978-3-319-45557-0_1},
	keywords = {Flow Theory, Game Dynamic, Game Rule, Motivation Theory, Player Type},
	file = {Full Text PDF:C\:\\Users\\nicka\\Zotero\\storage\\LYDTCED5\\Matallaoui et al. - 2017 - Introduction to Gamification Foundation and Under.pdf:application/pdf},
}


@incollection{faust_literature_2021,
	location = {Wiesbaden},
	title = {Literature and Theoretical Background of Gamification},
	isbn = {978-3-658-35195-3},
	url = {https://doi.org/10.1007/978-3-658-35195-3_2},
	abstract = {This chapter deals with the theoretical background on gamification and provides an overview of the current state of research. I begin by explaining the concept of gamification and related terms. I then move on to provide insights into the variety of theoretical frames used in the context of gamification and delimit the concepts with respect to others.},
	pages = {7--44},
	booktitle = {The Effects of Gamification on Motivation and Performance},
	publisher = {Springer Fachmedien},
	author = {Faust, Anna},
	editor = {Faust, Anna},
	urldate = {2023-11-09},
	date = {2021},
	langid = {english},
	doi = {10.1007/978-3-658-35195-3_2},
	file = {Full Text PDF:C\:\\Users\\nicka\\Zotero\\storage\\7IH5KA9V\\Faust - 2021 - Literature and Theoretical Background of Gamificat.pdf:application/pdf},
}


@article{almeida_negative_2023,
	title = {Negative Effects of Gamification in Education Software: Systematic Mapping and Practitioner Perceptions},
	volume = {156},
	issn = {09505849},
	url = {http://arxiv.org/abs/2305.08346},
	doi = {10.1016/j.infsof.2022.107142},
	shorttitle = {Negative Effects of Gamification in Education Software},
	abstract = {Context: While most research shows positive effects of gamification, the focus on its adverse effects is considerably smaller and further understanding is needed. Objective: To provide a comprehensive overview on research reporting negative effects of game design elements and to provide insights into the awareness of developers on these effects and into how they could be considered in practice. Method: We conducted a systematic mapping study of the negative effects of game design elements on education/learning systems. We also held a focus group discussion with developers of a gamified software, discussing the mapping study results with regard to their awareness and perceptions on the reported negative effects in practice. Results: The mapping study revealed 87 papers reporting undesired effects of game design elements. We found that badges, leaderboards, competitions, and points are the game design elements most often reported as causing negative effects. The most cited negative effects were lack of effect, worsened performance, motivational issues, lack of understanding, and irrelevance. The ethical issues of gaming the system and cheating were also often reported. As part of our results, we map the relations between game design elements and the negative effects that they may cause. The focus group revealed that developers were not aware of many of the possible negative effects and that they consider this type of information useful. The discussion revealed their agreement on some of those potential negative effects and also some positive counterparts. Conclusions: Gamification, when properly applied, can have positive effects on education/learning software. However, gamified software is also prone to generate harmful effects. Revealing and discussing potentially negative effects can help to make more informed decisions considering their trade-off with respect to the expected benefits.},
	pages = {107142},
	journaltitle = {Information and Software Technology},
	shortjournal = {Information and Software Technology},
	author = {Almeida, Clauvin and Kalinowski, Marcos and Uchoa, Anderson and Feijo, Bruno},
	urldate = {2023-11-17},
	date = {2023-04},
	eprinttype = {arxiv},
	eprint = {2305.08346 [cs]},
	keywords = {Computer Science - Software Engineering},
	file = {arXiv Fulltext PDF:C\:\\Users\\nicka\\Zotero\\storage\\GJQ2H2G8\\Almeida et al. - 2023 - Negative Effects of Gamification in Education Soft.pdf:application/pdf;arXiv.org Snapshot:C\:\\Users\\nicka\\Zotero\\storage\\AUPP3UXB\\2305.html:text/html},
}


@incollection{scheiner_obstacles_2017,
	location = {Cham},
	title = {Obstacles and Challenges in the Use of Gamification for Virtual Idea Communities},
	isbn = {978-3-319-45557-0},
	url = {https://doi.org/10.1007/978-3-319-45557-0_5},
	series = {Progress in {IS}},
	abstract = {Virtual idea communities ({VIC}) are a relatively new phenomenon in business. These communities, in which distributed groups of individual customers focus on voluntarily sharing and elaborating innovation ideas, are used by firms to integrate customers into the ideation for new product development rooted in Chesbrough’s (2003) open innovation paradigm. Developers and decision makers realised especially within the last decade that games or game-like appeals could serve as appropriate gamifications to attract people to participate in {VICs}. Therefore, gamification gained momentum and has been widely implemented into {VICs}. The use of gamification does, however, not lead to the intended positive outcomes per se. Because of that, obstacles and challenges in the use of gamification have to be considered, but these have often been neglected in practice. Therefore, the goal of this chapter is to address this topic and to describe major obstacles and challenges in the use of gamification in {VICs}.},
	pages = {65--76},
	booktitle = {Gamification: Using Game Elements in Serious Contexts},
	publisher = {Springer International Publishing},
	author = {Scheiner, Christian and Haas, Philipp and Bretschneider, Ulrich and Blohm, Ivo and Leimeister, Jan Marco},
	editor = {Stieglitz, Stefan and Lattemann, Christoph and Robra-Bissantz, Susanne and Zarnekow, Rüdiger and Brockmann, Tobias},
	urldate = {2023-11-09},
	date = {2017},
	langid = {english},
	doi = {10.1007/978-3-319-45557-0_5},
	keywords = {Enjoyable Experience, Game Design, Intrinsic Motivation, Open Source Community, Product Development},
	file = {Full Text PDF:C\:\\Users\\nicka\\Zotero\\storage\\GLCLSERT\\Scheiner et al. - 2017 - Obstacles and Challenges in the Use of Gamificatio.pdf:application/pdf},
}


@online{annesch_prokrastination_2017,
	title = {Prokrastination {III} oder: Habitica, das wundersame Reich der Gewohnheit},
	url = {https://annesch.wordpress.com/2017/01/20/prokrastination-iii-oder-habitica-das-wundersame-reich-der-gewohnheit/},
	shorttitle = {Prokrastination {III} oder},
	abstract = {Gewohnheiten können mir, wie ich schon vor ein paar Monaten im Post Gewohnheiten in Bezug auf das Abnehmen schrieb, von großem Nutzen sein – oder das genaue Gegenteil. Positive Gewohnheiten h…},
	titleaddon = {Berg- \& Talträume},
	author = {{ANNESCH}},
	urldate = {2023-11-09},
	date = {2017-01-20},
	langid = {german},
	file = {Snapshot:C\:\\Users\\nicka\\Zotero\\storage\\4VC3UT6E\\prokrastination-iii-oder-habitica-das-wundersame-reich-der-gewohnheit.html:text/html},
}


@online{ludologie_spielertypen_nodate,
	title = {Spielertypen},
	url = {https://www.ludologie.de/spielforschung/spielertypen/},
	author = {Ludologie, Institut für},
	urldate = {2023-11-09},
	langid = {english},
}


@book{faust_effects_2021,
	location = {Wiesbaden},
	title = {The Effects of Gamification on Motivation and Performance},
	isbn = {978-3-658-35194-6 978-3-658-35195-3},
	url = {https://link.springer.com/10.1007/978-3-658-35195-3},
	publisher = {Springer Fachmedien},
	author = {Faust, Anna},
	urldate = {2023-11-09},
	date = {2021},
	langid = {english},
	doi = {10.1007/978-3-658-35195-3},
	keywords = {gamification, incentives, management accounting, non-monetary incentives, performance},
	file = {Full Text PDF:C\:\\Users\\nicka\\Zotero\\storage\\GP2BPVFE\\Faust - 2021 - The Effects of Gamification on Motivation and Perf.pdf:application/pdf},
}


@online{chou_octalysis_2023,
	title = {The Octalysis Framework for Gamification \& Behavioral Design},
	url = {https://yukaichou.com/gamification-examples/octalysis-complete-gamification-framework/},
	abstract = {Gamification Design, With 8 Principal: Epic Meaning ,Accomplishment, Empowerment of Creativity, Ownership, Social Influence, Scarcity, Unpredictability \& Loss.},
	author = {Chou, Author Yu-kai},
	urldate = {2023-11-12},
	date = {2023-09-05},
	langid = {american},
	file = {Snapshot:C\:\\Users\\nicka\\Zotero\\storage\\6RRXIUYN\\octalysis-complete-gamification-framework.html:text/html},
}


@article{zhang_potentially_2022,
	title = {The potentially counterproductive effects on learning achievement, intrinsic motivation, and extrinsic motivation for ludicization employing Habitica},
	volume = {27},
	issn = {1573-7608},
	url = {https://doi.org/10.1007/s10639-022-11130-4},
	doi = {10.1007/s10639-022-11130-4},
	abstract = {This study investigated the actual efficiency of ludicization, ludic metaphorization of educational contexts, by identifying whether it exerted counterproductive effects on learning achievement, intrinsic motivation, and extrinsic motivation. Seventy participants were divided into the ludicization and traditional didactic groups. According to the Analysis of Covariance ({ANCOVA}), {CET}-4 posttest average score was not lower for the ludicization group (N = 35, M = 65.956, {SD} = 1.490) than for the traditional didactic pedagogy group (N = 35, M = 61.858, {SD} = 1.490). According to the t-test, the average score in intrinsic motivation was insignificantly higher for the ludicization group (N = 35, M = 13.6000, {SD} = 2.48762) than for the traditional didactic pedagogy group (N = 35, M = 13.4571, {SD} = 2.24057), while the average score in extrinsic motivation was significantly lower for the group (N = 35, M = 12.2857, {SD} = 2.58470) than for the traditional didactic group (N = 35, M = 13.5714, {SD} = 2.66001). Thus, ludicization exerted counterproductive effects on extrinsic motivation. Ludicization produced poorly internalized extrinsic motivation that restrained intrinsic motivation and learning achievement. Despite potentially counterproductive effects, ludicization and game-related pedagogies still have promising effects on pedagogical practices if applied appropriately.},
	pages = {12399--12419},
	number = {9},
	journaltitle = {Education and Information Technologies},
	shortjournal = {Educ Inf Technol},
	author = {Zhang, Qi},
	urldate = {2023-11-17},
	date = {2022-11-01},
	langid = {english},
	keywords = {Counterproductive effects, Extrinsic motivation, Intrinsic motivation, Learning achievement, Ludicization},
	file = {Full Text PDF:C\:\\Users\\nicka\\Zotero\\storage\\H7PKWASI\\Zhang - 2022 - The potentially counterproductive effects on learn.pdf:application/pdf},
}


@online{noauthor_what_2021,
	title = {What is Gamification - Yu-kai Chou},
	url = {https://yukaichou.com/gamification-examples/what-is-gamification/},
	abstract = {If you want to make Gamification actionable, Check out my Complete Gamification Framework called Octalysis. What is Gamification? What is Gamification? This may be an unfamiliar word for many of you. As a leading author and pioneer of the industry (since 2003), I'm here to help you grasp the promise of gamification and clear up some},
	urldate = {2023-11-12},
	date = {2021-12-04},
	langid = {american},
	file = {Snapshot:C\:\\Users\\nicka\\Zotero\\storage\\9A5C3N8S\\what-is-gamification.html:text/html},
}

@report{DIN69901-5,
	title = {{DIN} 69901-5:2009-01, Projektmanagement\_- Projektmanagementsysteme\_- Teil\_5: Begriffe},
	url = {https://www.beuth.de/de/-/-/113428752},
	shorttitle = {{DIN} 69901-5},
	institution = {Beuth Verlag {GmbH}},
	urldate = {2023-11-22},
	doi = {10.31030/1498911},
}

@online{haric_definition_nodate,
	title = {Definition: Management},
	url = {https://wirtschaftslexikon.gabler.de/definition/management-37609},
	shorttitle = {Definition},
	abstract = {Was ist "Management"? Definition im Gabler Wirtschaftslexikon vollständig und kostenfrei online. ✓Geprüftes Wissen beim Original.},
	titleaddon = {https://wirtschaftslexikon.gabler.de/definition/management-37609},
	type = {Text},
	author = {Haric, Dr Peter},
	urldate = {2023-11-22},
	langid = {german},
	howpublished = {Zuletzt aufgerufen: 22 November 2023},
	note = {Publisher: Springer Fachmedien Wiesbaden {GmbH},
Section: economy},
	file = {Snapshot:C\:\\Users\\nicka\\Zotero\\storage\\B6PNCB6R\\management-37609.html:text/html},
}

@online{asana_projektmanagement_nodate,
	title = {Projektmanagement einfach erklärt! [2022] • Asana},
	url = {https://asana.com/de/resources/benefits-project-management},
	abstract = {Projektmanagement stellt die Grundlage für ein erfolgreiches Projekt dar. Alles über die Grundlagen erfahren Sie hier!},
	titleaddon = {Asana},
	author = {Asana},
	howpublished = {Zuletzt aufgerufen: 22 November 2023},
	urldate = {2023-11-22},
	langid = {german},
	file = {Snapshot:C\:\\Users\\nicka\\Zotero\\storage\\4NHJ6DX6\\benefits-project-management.html:text/html},
}

@online{asana_kanban_nodate,
	title = {Kanban vs. Scrum: Projektmanagement-Methoden im Vergleich! [2022] • Asana},
	url = {https://asana.com/de/resources/waterfall-agile-kanban-scrum},
	shorttitle = {Kanban vs. Scrum},
	abstract = {Für jedes Team eignet sich eine andere Projektmanagement-Methode. Welche Methode wann sinnvoll ist, erfahren Sie hier!},
	titleaddon = {Asana},
	author = {Asana},
	urldate = {2023-11-22},
	langid = {german},
	file = {Snapshot:C\:\\Users\\nicka\\Zotero\\storage\\NTUNGUW3\\waterfall-agile-kanban-scrum.html:text/html},
}


@online{noauthor_manifest_nodate,
	title = {Manifest für Agile Softwareentwicklung},
	url = {https://agilemanifesto.org/iso/de/manifesto.html},
	urldate = {2023-11-22},
	file = {Manifest für Agile Softwareentwicklung:C\:\\Users\\nicka\\Zotero\\storage\\2WUDSQHL\\manifesto.html:text/html},
}


@online{asana_kanban_13_4_23,
	title = {Kanban: Definition, Prinzipien und Beispiele! [2023] • Asana},
	url = {https://asana.com/de/resources/what-is-kanban},
	shorttitle = {Kanban},
	abstract = {Mit Kanban lassen sich Projekt einfach und effizient strukturieren. Mehr über die Kanban-Methode erfahren Sie hier!},
	titleaddon = {Asana},
	author = {Asana},
	urldate = {2023-11-22},
	langid = {german},
	file = {Snapshot:C\:\\Users\\nicka\\Zotero\\storage\\ICLWMWFE\\what-is-kanban.html:text/html},
}


@online{noauthor_organisationshandbuch_nodate,
	title = {Organisationshandbuch - Kanban},
	url = {https://www.orghandbuch.de/OHB/DE/OrganisationshandbuchNEU/4_MethodenUndTechniken/Methoden_A_bis_Z/Kanban/Kanban_node.html},
	urldate = {2023-11-23},
	file = {Organisationshandbuch - Kanban:C\:\\Users\\nicka\\Zotero\\storage\\HMAKDWJN\\Kanban_node.html:text/html},
}



@online{noauthor_funktionen_nodate,
	title = {Funktionen {\textbar} Habitica},
	url = {https://habitica.com/static/features},
	abstract = {Habitica is a free habit and productivity app that treats your real life like a game. Habitica can help you achieve your goals to become healthy and happy.},
	urldate = {2023-11-25},
	file = {Snapshot:C\:\\Users\\nicka\\Zotero\\storage\\99D9HKF3\\features.html:text/html},
}


@article{smith_reflecting_2004,
	title = {Reflecting on the development of interpretative phenomenological analysis and its contribution to qualitative research in psychology.},
	volume = {1},
	issn = {1478-0895(Electronic),1478-0887(Print)},
	abstract = {This paper reflects on the development of interpretative phenomenological analysis ({IPA}) as one particular qualitative approach to psychology. After a brief introduction to {IPA}, the paper outlines what can be described as its characteristic features: idiographic, inductive, interrogative, illustrating each feature with examples from studies which have been conducted with {IPA}. The paper then considers the different levels of interpretation, which are possible with {IPA} and discusses the notion of when an interpretation is 'good enough'. It goes on to consider issues around the types of topics for which {IPA} is suitable and the emerging pattern of work using the approach. The next section considers how {IPA} studies can widen the type of participants included and also examines the suitability of different data collection methods. The paper finishes by bringing together some thoughts on the future development of {IPA}. ({PsycINFO} Database Record (c) 2019 {APA}, all rights reserved)},
	pages = {39--54},
	number = {1},
	journaltitle = {Qualitative Research in Psychology},
	author = {Smith, Jonathan A.},
	date = {2004},
	note = {Place: United Kingdom
Publisher: Hodder Arnold},
	keywords = {*Data Collection, *Methodology, *Phenomenology, *Psychology, *Qualitative Methods, Interpretative Phenomenological Analysis},
}

@online{venzmer_anforderungsmanagement-tool_2020,
	title = {Anforderungsmanagement-Tool oder Requirementsengineering-Tool im Projekt?},
	url = {https://pm-tools.info/faq/anforderungsmanagement-tool-und-requirementsengineering-tool-im-projekt/},
	abstract = {Requirements sind eigentlich fix aber im Projekt doch variabel. Wie hilft Ihnen ein Anforderungsmanagement-Tool? Der Überblick zum Thema - Lesen Sie mehr.},
	titleaddon = {pm-tools},
	author = {Venzmer, Dr Eike},
	urldate = {2023-12-17},
	date = {2020-08-06},
	langid = {german},
	file = {Snapshot:C\:\\Users\\nicka\\Zotero\\storage\\LD4GPS8C\\anforderungsmanagement-tool-und-requirementsengineering-tool-im-projekt.html:text/html},
}


@online{venzmer_projektplaner-software_2020,
	title = {Projektplaner-Software - Basis für ein erfolgreiches Projekt},
	url = {https://pm-tools.info/faq/projektplaner-software-basis-fuer-ein-erfolgreiches-projekt/},
	abstract = {Projektplaner-Software erleichtert die Arbeit schon in der Vorbereitung zum Projekt. Vorteile, wichtige Features, Bewertung und Beispiele sehen Sie hier.},
	titleaddon = {pm-tools},
	author = {Venzmer, Dr Eike},
	urldate = {2023-12-17},
	date = {2020-07-17},
	langid = {german},
	file = {Snapshot:C\:\\Users\\nicka\\Zotero\\storage\\E5N8GTX4\\projektplaner-software-basis-fuer-ein-erfolgreiches-projekt.html:text/html},
}


@misc{venzmer_task_2020,
	title = {Task {Management} {Software} zur besseren {Aufgabenverwaltung}},
	url = {https://pm-tools.info/faq/task-management-software-zur-besseren-aufgabenverwaltung/},
	abstract = {Task Management Software ist heute extrem wichtig im Unternehmen und Projekt. Hier erfährst Du was Aufgabenverwaltung ist und was eine Software können soll.},
	language = {de-DE},
	urldate = {2023-12-18},
	journal = {pm-tools},
	author = {Venzmer, Dr Eike},
	month = may,
	year = {2020},
	file = {Snapshot:C\:\\Users\\nicka\\Zotero\\storage\\TJPAWYNJ\\task-management-software-zur-besseren-aufgabenverwaltung.html:text/html},
}


@online{venzmer_wie_2020,
	title = {Wie kann Ressourcenplanungs-Software Ihnen helfen?},
	url = {https://pm-tools.info/faq/wie-kann-ressourcenplanungs-software-ihnen-helfen/},
	abstract = {Ressourcenplanung per Hand ist eine undankbare Aufgabe. Hier lesen Sie, wie Ihnen eine Ressourcenplanungs-Software weiterhelfen kann.},
	titleaddon = {pm-tools},
	author = {Venzmer, Dr Eike},
	urldate = {2023-12-19},
	date = {2020-07-15},
	langid = {german},
	file = {Snapshot:C\:\\Users\\nicka\\Zotero\\storage\\SZS5BSS8\\wie-kann-ressourcenplanungs-software-ihnen-helfen.html:text/html},
}


@online{venzmer_projektcontrolling-tool_2020,
	title = {Projektcontrolling-Tool und Software - Warum und worauf sollten Sie achten?},
	url = {https://pm-tools.info/faq/projektcontrolling-tool/},
	abstract = {Ein Projektcontrolling-Tool hilft Ihnen den Überblick zu behalten. Was bietet diese Software noch und was gilt es bei der Wahl zu beachten?},
	titleaddon = {pm-tools},
	author = {Venzmer, Dr Eike},
	urldate = {2023-12-19},
	date = {2020-11-25},
	langid = {german},
	file = {Snapshot:C\:\\Users\\nicka\\Zotero\\storage\\G8PVLVAC\\projektcontrolling-tool.html:text/html},
}


@online{schmuck_dokumentenmanagement_2019,
	title = {Dokumentenmanagement: Definition, Vorteile und Funktion},
	url = {https://teamdrive.com/blog-de/dokumentenmanagement-in-der-cloud/},
	shorttitle = {Dokumentenmanagement},
	abstract = {Dokumentenmanagement in der Cloud nutzen inzwischen Unternehmen und private Anwender. Wir geben einen Überblick zum Thema.},
	titleaddon = {{TeamDrive} - Secure Collaboration},
	author = {Schmuck, Detlef},
	urldate = {2023-12-19},
	date = {2019-04-09},
	langid = {german},
	file = {Snapshot:C\:\\Users\\nicka\\Zotero\\storage\\UCXH7V2E\\dokumentenmanagement-in-der-cloud.html:text/html},
}


@online{venzmer_multiprojektmanagement-software_2020,
	title = {Multiprojektmanagement-Software und Tools - Eine Übersicht},
	url = {https://pm-tools.info/faq/multiprojektmanagement-software-und-tools-eine-uebersicht/},
	abstract = {Wie hilft Ihnen Multiprojektmanagement-Software und worauf müssen Sie bei der Auswahl achten? Hier erhalten Sie Übersicht und gute Vorschläge zu Tools.},
	titleaddon = {pm-tools},
	author = {Venzmer, Dr Eike},
	urldate = {2023-12-19},
	date = {2020-07-27},
	langid = {german},
	file = {Snapshot:C\:\\Users\\nicka\\Zotero\\storage\\QKRVKMQA\\multiprojektmanagement-software-und-tools-eine-uebersicht.html:text/html},
}



@online{gmbh_detailseite_nodate,
	title = {detailseite},
	rights = {Projektron {GmbH}, Berlin, 2001-2023},
	url = {https://www.projektron.de/blog/detailseite/projektportfoliomanagement-ppm-3511/},
	abstract = {Wozu Projektportfoliomanagement? Was ist {PPM} und was bringt es? ➽ Entdecken Sie die Vorteile und erhalten Sie Ihre 7-Schritte-{PPM}-Strategie!},
	author = {{GmbH}, Projektron},
	urldate = {2023-12-19},
	langid = {german},
	file = {Snapshot:C\:\\Users\\nicka\\Zotero\\storage\\MK9H8NEV\\projektportfoliomanagement-ppm-3511.html:text/html},
}


@online{noauthor_projektmanagement_nodate,
	title = {Projektmanagement Tools - Informationen zur Software Auswahl},
	url = {https://pm-tools.info/},
	abstract = {Welche Projektmanagement Tools sind gut? Finden Sie das Passende - Reviews und Kosten im Vergleich - alles unabhängig. Jetzt informieren!},
	titleaddon = {pm-tools},
	urldate = {2023-12-19},
	langid = {german},
	file = {Snapshot:C\:\\Users\\nicka\\Zotero\\storage\\6N4VXNVL\\pm-tools.info.html:text/html},
}


@online{venzmer_projektmanagement_2020,
	title = {Projektmanagement mit Asana macht Spaß - Ein Review},
	url = {https://pm-tools.info/projektmanagement-software-reviews/projektmanagement-mit-asana-review/},
	abstract = {Asana geht als Projektmanagement-Software über Task Management hinaus. Ein Review zu Vorteilen, Preisen, Datenschutz und Fabelwesen.},
	titleaddon = {pm-tools},
	author = {Venzmer, Dr Eike},
	urldate = {2023-12-21},
	date = {2020-04-23},
	langid = {german},
	file = {Snapshot:C\:\\Users\\nicka\\Zotero\\storage\\U5WIYIF9\\projektmanagement-mit-asana-review.html:text/html},
}


@online{noauthor_asana_nodate,
	title = {Asana Review 2021: Ein Cloud-basiertes Projektmanagement-Tool - Affde Marketing},
	url = {https://www.affde.com/de/asana-review.html},
	urldate = {2023-12-21},
	file = {Asana Review 2021\: Ein Cloud-basiertes Projektmanagement-Tool - Affde Marketing:C\:\\Users\\nicka\\Zotero\\storage\\D46DQXX6\\asana-review.html:text/html},
}


@misc{noauthor_mit_nodate,
	title = {Mit {Asana} loslegen},
	url = {https://help.asana.com/hc/de/articles/14250783001627-Mit-Asana-loslegen},
	abstract = {Unabhängig davon, ob Sie an einer einfachen Aufgabe oder einem komplexen Projekt arbeiten, ist es mit Asana einfach, zusammenzuarbeiten, Arbeitsabläufe zu optimieren und Ihre Ziele zu erreichen. In...},
	language = {de},
	urldate = {2023-12-29},
	journal = {Asana Help Center},
	file = {Snapshot:C\:\\Users\\nicka\\Zotero\\storage\\EZ68L2HQ\\14250783001627-Mit-Asana-loslegen.html:text/html},
}



























































































































